3159 4934
1176 426 1323 473 mn.
1368 422 1567 473 xxv,
1616 419 1782 493 car,
1823 407 1932 475 27.
2463 411 2636 476 2133

442 571 571 633 bus
612 563 757 633 'suis
820 566 1355 650 comportabant,
1408 575 1474 631 et
1517 570 1775 632 auxilia
1835 568 2284 633 arcessebant.
2375 568 2635 633 Interea

444 672 805 742 Bomilcar,
830 672 1065 733 iterum
1097 688 1250 733 cum
1274 671 1497 734 classe
1522 670 1862 753 profectus
1884 668 2378 750 Carthaginem,
2399 668 2489 732 ita
2511 688 2630 731 ex—

440 772 671 855 posita
718 770 986 832 fortuna
1026 770 1378 845 sociorum,
1422 778 1499 833 ut
1542 788 1728 851 spem
1760 770 2032 847 faceret,
2063 789 2200 833 nou
2231 771 2402 851 ipsis
2432 770 2632 833 modo

440 873 791 936 salutarem
830 890 1025 953 opem
1057 870 1206 934 ferri
1238 890 1462 952 posse,
1502 870 1618 935 sed
1655 871 1994 935 Romanos
2024 888 2288 954 quoque
2317 872 2386 933 in
2425 878 2632 951 capta

440 973 935 1057 quodammodo
964 974 1129 1035 urbe
1173 973 1353 1055 capi,
1394 973 1700 1056 perpulit,
1731 980 1804 1037 ut
1833 974 2166 1037 onerarias
2197 990 2402 1035 naves
2430 989 2629 1053 quam

439 1076 761 1157 plurimas
798 1076 979 1138 omni
1019 1076 1218 1156 copia
1254 1093 1463 1137 rerum
1506 1080 1784 1139 onustas
1821 1094 2053 1139 secum
2079 1074 2430 1149 mitterent,
2457 1074 2632 1139 clas·-

439 1194 710 1258 semque
763 1192 953 1238 suam
1008 1182 1336 1257 augerent.
1424 1174 1663 1256 Igitur,
1721 1181 1984 1255 centum
2037 1175 2299 1257 triginta
2345 1175 2629 1239 navibus

437 1276 650 1356 longis
695 1283 761 1340 et
812 1277 1244 1359 septingentis
1264 1282 1319 1324 ¹4
1361 1278 1682 1342 onerariis
1703 1276 1721 1313 ²
1761 1278 2098 1359 profectus
2141 1296 2182 1340 a
2209 1277 2628 1358 Carthagine,

438 1376 605 1441 satis
650 1396 1003 1459 prosperos
1044 1382 1281 1439 ventos
1327 1376 1411 1440 ad
1451 1376 1910 1459 trajiciendum
1945 1379 2012 1439 in
2043 1376 2346 1440 Siciliam
2377 1378 2626 1440 habuit.

436 1476 571 1541 Sed
604 1477 805 1541 iidem
836 1479 1025 1541 venti
1054 1496 1366 1560 superare
1394 1498 1543 1540 eum
1572 1476 1962 1561 Pachynum
1982 1476 2440 1560 prohibebant.
2491 1478 2628 1539 Bo-

436 1578 737 1642 milcaris
768 1580 1113 1653 adventu8‚
1136 1578 1315 1642 sama
1346 1580 1579 1660 primo,
1597 1577 1750 1641 dein
1769 1585 2015 1660 praeter
2033 1596 2218 1659 spem
2243 1595 2448 1653 mora,
2473 1589 2625 1640 cum

436 1678 749 1761 gaudium
784 1685 853 1741 et
884 1685 1131 1743 metum
1166 1681 1453 1743 invicem
1488 1678 1818 1743 Romanis
1849 1677 2429 1760 Syracusanisque
2458 1696 2626 1760 pree·
2683 1738 2700 1751 ,

436 1780 735 1859 buisset3
784 1779 1119 1864 Epicydes
1148 1788 1477 1851 metuens,
1500 1800 1603 1857 ne,
1628 1782 1686 1843 si
1715 1785 2062 1861 pergerent
2093 1778 2313 1855 iidem,
2343 1778 2458 1860 qui
2489 1788 2623 1842 tum

435 1880 793 1958 tenebant,·'
836 1882 923 1944 ab
959 1889 1101 1945 ortu
1150 1883 1320 1946 solis
1352 1882 1514 1947 flare
1550 1899 1676 1963 per
1717 1880 1862 1943 dies
1901 1880 2128 1961 plures
2159 1880 2358 1955 venti,
2389 1879 2627 1942 classis

435 1980 693 2043 Punica
713 1979 1014 2045 Africam
1036 1992 1386 2065 repeteret,
1407 1983 1649 2046 tradita
1669 1980 2049 2044 Achradina
2075 1980 2622 2043 mercenariorum

433 2080 719 2144 rnilitum
750 2082 1059 2158 ducibuS,
1088 2081 1171 2144 ad
1204 2082 1647 2144 Bomilcarem
1679 2081 1975 2159 navigat.
2073 2078 2376 2141 Classem
2396 2080 2463 2141 in
2489 2084 2622 2141 sta·

432 2178 612 2243 tione
640 2199 835 2244 versa
874 2180 943 2243 iu
973 2180 1271 2243 Africam
1320 2180 1698 2256 habentem,
1747 2186 1952 2261 atque
1995 2178 2334 2241 timentem
2385 2178 2623 2241 navale

432 2280 761 2361 praelium,
808 2300 939 2345 non
978 2286 1117 2344 tam
1161 2279 1343 2362 quod
1392 2281 1608 2363 impar
1633 2281 1884 2343 viribus
1915 2283 2028 2341 aut
2054 2296 2324 2341 numero
2355 2276 2621 2342 navium

430 2386 632 2458 esset,
658 2380 946 2465 (quippe
983 2383 1182 2444 etiam
1226 2382 1447 2463 plures
1478 2379 1818 2456 habebat,)
1852 2397 2054 2462 quam
2080 2377 2263 2460 quod
2289 2378 2470 2443 venti
2501 2396 2624 2461 ap·-

433 2482 645 2568 tiores
674 2480 1025 2557 Romanae,
1048 2500 1260 2573 quam
1291 2500 1457 2556 suae,
1488 2481 1694 2545 classi
1719 2480 1978 2558 flarent,
2001 2480 2299 2562 perpulit
2329 2479 2620 2555 tandem,

430 2588 505 2645 ut
536 2583 865 2645 fortunam
892 2582 1153 2645 navalis
1183 2583 1561 2645 certaminis
1591 2582 1875 2663 experiri
1905 2580 2130 2643 vellet.
2223 2580 2308 2642 Et
2333 2578 2623 2644 Marcel-

432 2682 557 2757 lus,
590 2700 741 2745 cum
770 2689 841 2744 et
880 2682 1173 2745 Siculum
1214 2685 1585 2745 exercitum
1617 2698 1707 2743 ex
1736 2688 1950 2744 tota¹⁵
1997 2683 2219 2744 insula
2243 2682 2490 2743 conciri
2526 2681 2626 2742 vi-

494 2842 512 2874 ¹
548 2844 645 2900 Qun·
669 2858 724 2892 eo
743 2849 946 2905 tempore
966 2843 1233 2892 retinebunt
1258 2844 1473 2906 chum,
1493 2842 1567 2892 vel
1587 2842 1672 2904 qui
1691 2856 1820 2889 mare
1839 2840 2136 2891 obtinebunt.

1342 2965 1695 2985 OOOOO‘OOOOOO

430 3064 585 3101 censa
606 3048 879 3098 additum!
900 3048 1218 3100 Stroth—14
1242 3050 1714 3113 SeptuagintuEdd.
1735 3050 1801 3100 ab
1827 3050 2043 3101 Ascens.
2065 3050 2129 3098 ad
2153 3048 2512 3099 (ἔπεισι-45
2539 3049 2620 3099 Al.

1344 3154 1349 3157 ’
1421 3160 1634 3209 NOTAE

428 3256 713 3305 Siculorum
754 3270 855 3305 non
908 3256 1039 3304 alius
1084 3256 1289 3304 videtur
1332 3270 1484 3318 qnam

429 3332 708 3387 Romanus,
732 3332 879 3393 cujus
900 3331 1161 3379 exercitus
1184 3338 1239 3379 et
1256 3330 1369 3393 ipre
1392 3330 1485 3393 Sy·

428 3406 655 3454 ncueis:
713 3404 850 3453 unde
927 3403 1243 3453 commodius
1297 3402 1485 3453 fuisset

426 3481 584 3531 scribi
620 3480 845 3541 tantum,
873 3482 1074 3529 ulter-um
1110 3480 1373 3541 quindecim
1398 3480 1482 3527 ub-

425 3562 498 3605 ert
518 3573 535 3605 .·
565 3556 661 3605 uisi
682 3555 795 3619 quie
822 3557 947 3613 velit
979 3556 1128 3604 hostie
1160 3556 1359 3605 nomine
1382 3556 1481 3605 Bo-

424 3632 687 3681 milcarem
722 3631 945 3693 intelligi
980 3630 1329 3679 Romanorum
1364 3630 1481 3679 hou-

426 3712 551 3767 tem,
574 3705 791 3757 Punica
815 3705 997 3753 classis
1020 3712 1313 3768 praetorem.
1336 3706 1481 3769 cujus

428 3782 583 3829 statio
605 3782 669 3828 ud
692 3781 1011 3844 Pachynum.

488 3863 508 3887 ⁸
534 3856 604 3904 Eo
624 3861 673 3903 ee
692 3856 995 3917 meatus]
1028 3855 1115 3904 Ite
1141 3855 1373 3905 Gronov.
1414 3869 1481 3905 ex

428 3930 553 3979 Pur.
576 3930 903 3994 ostenditque
932 3932 1058 3979 illud
1082 3946 1135 3981 eo
1166 3928 1481 3993 superfluum

427 4019 531 4054 non
554 4019 683 4065 eene,
703 4007 987 4067 presertim
1008 4016 1221 4069 propter
1244 4006 1483 4068 interjec-

431 4090 535 4131 tam
597 4080 963 4144 parenthesim,
1018 4097 1133 4145 qnoe
1176 4082 1483 4129 senteutiam

424 4158 693 4220 strependit
715 4174 730 4205 t
798 4159 1033 4221 exempla
1086 4158 1322 4221 congerit
1378 4162 1485 4205 tum

427 4231 655 4294 aliunde,
682 4240 789 4281 tum
812 4246 877 4281 ex
896 4232 1105 4295 Nostro,
1133 4230 1419 4296 presertim
1450 4232 1487 4279 l.

1567 3266 1730 3304 xxvr.
1760 3257 1776 3283 ⁸
1799 3257 2034 3304 Loevinns
2071 3256 2391 3319 Zacynthum
2433 3256 2619 3319 (parva

1564 3329 1736 3378 iusnle
1758 3338 1840 3379 eet
1864 3332 2151 3394 propinqua
2172 3331 2404 3380 AEtolioe:
2439 3332 2616 3379 urbem

1564 3418 1712 3453 unam
1737 3404 1918 3453 eodem
1945 3418 2045 3467 quo
2065 3405 2178 3468 ipsa
2194 3412 2275 3453 est
2301 3406 2506 3453 nomine
2529 3406 2621 3454 ha*-

1564 3478 1681 3543 bet)
1715 3487 2058 3543 eam,pra=ter
2088 3493 2286 3539 arcem,
2306 3478 2355 3526 vi
2373 3480 2554 3543 cepit.'

1627 3556 1642 3586 ⁸
1675 3556 1748 3604 Et
1781 3555 2096 3619 septingentis
2137 3554 2390 3617 onerariis]
2449 3555 2618 3617 Vulgo

1558 3631 1878 3693 septuaginta.
1945 3629 2252 3679 Emendavit
2279 3630 2512 3679 Gronov.
2551 3636 2618 3681 eir

1560 3704 1736 3753 multi·
1769 3704 2054 3764 codicibus,
2087 3706 2388 3768 quibuscum
2429 3718 2619 3756 conve·

1562 3780 1712 3828 ninut
1743 3778 1848 3827 dno
1871 3779 2181 3835 colbertini,
2207 3785 2392 3829 centum
2411 3783 2620 3842 erig-ineu

1560 3854 1757 3903 nutibus
1793 3856 1966 3915 “mei'’
2018 3855 2329 3918 ‘minentis
2369 3859 2620 3907 omar-m.

1562 3930 1633 3979 Et
1665 3942 1788 3979 vero
1811 3930 1979 3991 major
1997 3928 2112 3979 fere
2147 3945 2264 3980 cue
2282 3934 2416 3981 solet
2441 3933 2494 3981 iu
2525 3934 2618 3980 lm·

1554 4005 1785 4067 jusmodi
1817 4006 2063 4055 clunibu-
2087 4020 2328 4055 numerus
2357 4008 2617 4056 oneraria·

1566 4094 1678 4128 rum
1715 4081 1934 4137 navium,
1963 4082 2147 4144 quibus
2181 4089 2492 4130 commeatus
2527 4092 2618 4129 vc·

1564 4156 1773 4215 huntur,
1793 4160 1944 4219 quam
1967 4158 2252 4219 longarum,
2273 4170 2386 4219 qne
2407 4156 2473 4203 ad
2495 4157 2616 4206 belli

1566 4243 1712 4280 usum
1727 4238 2042 4295 comparatur
2065 4239 2288 4281 armatos
2311 4229 2504 4280 ferunt.
2587 4254 2596 4265 ·
