3159 4934
574 443 748 508 1916
1520 457 1592 505 τ.
1645 454 1830 504 mvn

570 603 790 678 nibus,
820 602 889 666 in
928 619 1009 666 ea
1045 602 1335 682 impetus
1374 597 1583 664 fieret.
1675 595 1785 662 Ita
1815 595 2120 661 instructi
2151 595 2324 658 intra
2353 601 2588 678 portas
2619 601 2765 661 sta·

570 707 754 769 bant.
846 703 1232 779 Hannibali,
1264 702 1389 764 sub
1416 701 1625 782 signis
1661 699 1762 784 (id
1809 697 1990 782 quod
2031 717 2152 781 per
2195 697 2454 780 aliquot
2490 695 2635 760 dies
2665 697 2760 762 fe-

569 803 790 887 cerat)
820 804 904 868 ad
936 803 1215 867 multum
1246 801 1383 865 diei
1410 802 1479 865 in
1512 802 1662 865 acie
1692 801 1924 874 stanti,
1952 801 2168 882 primo
2201 798 2526 863 miraculo
2559 809 2764 874 esse,⁸

569 905 755 989 quod
786 923 915 968 nec
956 901 1291 966 exercitus
1320 901 1670 965 Romanus
1711 907 1903 984 porta
1931 900 2362 982 egrederetur,
2393 918 2518 964 nec
2549 919 2764 965 arma-

561 1016 668 1074 tus
700 1009 1056 1091 quisquam
1086 1009 1153 1070 in
1181 1005 1386 1071 muris
1418 1013 1624 1069 esset.
1715 1005 1933 1070 Ratus
1959 1005 2204 1068 deiude
2239 1004 2512 1087 prodita
2543 1001 2757 1068 collo·

568 1112 732 1196 quia
756 1129 931 1188 esse,
971 1115 1281 1191 metuque
1316 1108 1569 1172 resides
1599 1108 1876 1184 factos:¹
1909 1114 2162 1189 partem
2195 1105 2479 1170 militum
2510 1107 2580 1170 in
2605 1125 2758 1170 cas·

565 1219 665 1277 tra
685 1213 985 1289 remittit,
1008 1211 1240 1295 jussos
1262 1228 1546 1293 propere
1570 1215 1959 1292 apparatum
1993 1225 2252 1272 omnem
2281 1207 2758 1290 oppugnandae

564 1313 751 1378 urbis
781 1313 849 1376 in
881 1313 1161 1395 primam
1184 1311 1400 1374 aciem
1418 1309 1687 1391 afferre3
1731 1310 1900 1374 satis
1929 1307 2160 1387 fidens,
2193 1309 2252 1371 si
2282 1307 2757 1372 cunctantibus

564 1414 863 1491 instaret,
895 1411 1243 1476 tumultum
1270 1411 1558 1492 aliquem
1583 1411 1652 1473 in
1685 1410 1849 1474 urbe
1880 1409 2146 1493 plebem
2179 1418 2529 1474 moturam.
2577 1409 2758 1472 Dum

562 1515 631 1578 in
654 1521 705 1561 ¹⁵
738 1533 859 1578 sua
900 1514 1186 1596 quisque
1218 1511 1587 1574 ministeria
1617 1510 1918 1575 discursu
1952 1512 2236 1594 trepidat
2263 1511 2350 1575 ad
2381 1510 2594 1595 prima
2623 1507 2753 1588 sig·-

563 1635 670 1691 na,
704 1613 1145 1695 succeditque
1185 1612 1269 1676 ad
1316 1630 1545 1676 muros
1591 1613 1798 1688 acieS,
1826 1612 2172 1695 patefacta
2216 1619 2492 1696 repente
2530 1617 2757 1694 porta,

565 1715 934 1780 Marcellus
966 1717 1157 1796 signa
1186 1733 1422 1780 canere
1456 1715 1947 1796 clamoremque
1992 1713 2163 1791 tolli,
2205 1731 2284 1776 ac
2332 1712 2592 1797 pedites
2623 1710 2758 1792 pri-

564 1837 766 1894 mum,
806 1816 1050 1880 deinde
1094 1817 1371 1898 equites,
1420 1823 1667 1897 quanto
1715 1817 2010 1879 maximo
2061 1822 2335 1898 possent
2376 1815 2654 1898 impetu,
2685 1812 2756 1878 in

560 1919 819 1982 hostem
881 1935 1227 2000 erumpere
1278 1916 1491 1998 jubet.
1580 1915 1768 1979 Satis
1829 1917 2094 1979 terroris
2168 1917 2623 1997 tumultusque
2683 1915 2754 1976 in

563 2022 777 2084 aciem
809 2017 1091 2082 mediam
1118 2017 1487 2090 intulerant,
1520 2035 1670 2078 cum
1706 2016 1976 2080 duabus
2001 2017 2177 2080 circa
2201 2005 2414 2099 portis
2443 2013 2524 2079 P.
2549 2015 2758 2080 Vale-

560 2121 701 2184 rius
751 2120 1038 2186 Flaccus
1070 2126 1141 2182 et
1180 2117 1261 2183 C.
1298 2117 1618 2182 Aurelius
1656 2118 1859 2199 legati
1903 2119 1972 2182 in
2015 2135 2265 2182 cornua
2290 2117 2580 2183 hostium
2609 2137 2756 2182 eru-

556 2241 735 2305 pere.
824 2220 1165 2284 Addidere
1212 2219 1569 2285 clamorem
1611 2219 1774 2284 lixas
1811 2219 2250 2304 calonesque,
2283 2227 2354 2284 et
2397 2219 2536 2284 alia
2563 2221 2756 2284 turba

561 2321 895 2387 custodia»,
918 2321 1543 2404 impedimentorum
1571 2321 1915 2401 apposita,
1937 2327 2009 2384 ut
2029 2323 2440 2404 paucitatem
2465 2323 2756 2386 maxime

560 2423 1028 2506 spernentibus
1057 2421 1295 2486 Poenis
1338 2419 1625 2502 ingentis
1653 2426 1917 2501 repente
1959 2421 2300 2486 exercitus
2335 2423 2629 2505 speciem
2659 2423 2754 2486 fe-

560 2524 791 2588 cerint.
881 2521 1023 2586 Vix
1052 2521 1365 2604 equidem
1419 2520 1634 2585 ausim
1677 2519 2016 2599 affirmare,
2041 2523 2221 2605 quod
2275 2523 2550 2606 quidam
2598 2543 2754 2587 auc-

558 2632 741 2688 tores
772 2629 946 2700 sunt‚
975 2624 1110 2688 duo
1142 2622 1357 2686 millia
1380 2629 1449 2685 et
1486 2622 1900 2702 octingentos
1942 2623 2230 2688 hostium
2261 2642 2486 2688 caesos
2506 2642 2526 2705 3
2547 2633 2573 2660 ¹
2615 2645 2752 2688 non

558 2727 717 2809 plus
764 2725 1153 2809 quingentos
1198 2721 1580 2788 Romanum
1629 2719 2056 2788 amisisse.¹⁶1
2143 2725 2305 2790 Sive
2349 2731 2560 2805 tanta,
2607 2726 2752 2790 sive

622 2901 649 2926 ⁰
682 2893 833 2944 Initio
850 2891 1117 2942 mirabatur
1140 2889 1402 2940 Hunibal.

1510 2983 1742 3004 00000000
1751 2981 1804 3002 ,0
1811 2985 1837 3003 0

556 3103 623 3138 ex
656 3087 929 3142 industria.
967 3085 1080 3134 scil.
1110 3097 1169 3131 ne
1188 3083 1423 3145 venepam
1454 3091 1558 3131 cet.
1590 3090 1682 3132 ant
1710 3084 1881 3144 glossa
1903 3087 1982 3132 est
2005 3082 2084 3131 vel
2107 3085 2344 3133 destinata
2370 3085 2451 3133 vel
2465 3084 2613 3134 data!
2649 3085 2751 3134 Ru·

558 3155 826 3214 pert-15
863 3150 1077 3212 Moxque
1116 3149 1227 3196 dum
1265 3148 1317 3196 in
1354 3146 1482 3196 Edd.
1527 3157 1650 3197 ante
1686 3147 1918 3197 Gronov.
1958 3155 2012 3196 et
2051 3149 2286 3212 plerique
2327 3149 2591 3198 Mum—16
2622 3149 2639 3175 ⁸
2665 3147 2752 3196 lta

558 3219 664 3266 Ms.
688 3216 813 3264 Put-
838 3225 893 3264 et
918 3215 983 3262 al.
1022 3215 1113 3262 duo
1132 3211 1283 3260 millia
1306 3215 1354 3260 et
1374 3216 1608 3260 trecentos
1627 3212 1676 3261 Ιι.
1699 3228 1740 3260 ο.
1761 3227 1854 3260 non
1885 3213 1994 3274 phu
2009 3225 2102 3260 uuo
2129 3213 2362 3262 Rumam
2379 3213 2592 3262 amisisse
2615 3211 2749 3260 Edu.

555 3291 677 3330 ante
701 3280 871 3330 Drak.
924 3279 1092 3341 Supra
1136 3277 1362 3340 quinque
1402 3277 1559 3325 millia
1592 3277 1816 3327 hostium
1854 3291 1992 3326 caesa
2024 3285 2079 3325 et
2117 3289 2172 3324 n.
2207 3277 2465 3327 Romanos
2495 3277 2750 3326 cecidisse

1545 3421 1766 3472 NOTAE

555 3521 786 3574 subsidia.
850 3523 961 3582 Ego
998 3534 1115 3583 que
1146 3520 1215 3568 sit
1258 3518 1613 3581 interrogandi
1695 3526 1780 3567 cet
1805 3526 2043 3569 aurctores
2065 3526 2118 3570 et
2143 3519 2392 3570 conscios.

556 3605 645 3648 aut
679 3596 901 3646 mirandi
940 3609 1097 3646 causa
1130 3609 1231 3644 uon
1268 3593 1445 3644 video:
1484 3594 1612 3658 quid
1761 3595 1918 3646 *Duo
1931 3595 2081 3646 millia
2099 3595 2454 3656 etot-tinente·
2472 3593 2750 3656 [trecentos]

553 3675 689 3723 enim
713 3673 923 3732 clarius,
941 3685 1091 3734 quam
1121 3671 1324 3734 partitis
1342 3685 1371 3718 ι
1390 3671 1608 3720 Marcel·
1692 3671 1896 3719 hostium
1941 3667 2108 3729 cam]
2176 3669 2427 3730 Major-em
2479 3680 2746 3716 numerum

555 3751 609 3799 lo
632 3749 765 3798 intra
798 3746 977 3795 urbem
1002 3744 1065 3794 ad
1093 3753 1198 3794 tres
1226 3753 1405 3808 portas
1428 3747 1611 3809 copiis,
1693 3747 1896 3810 quidam
1935 3743 2210 3808 prodidere
2238 3743 2376 3806 apud
2404 3743 2671 3793 Plutarch.
2695 3745 2748 3792 in

556 3830 761 3887 partem
775 3835 951 3870 earum
970 3820 1189 3883 aliquam
1207 3821 1519 3870 destinatam
1532 3819 1612 3872 fu·
1693 3822 1961 3880 Marcello,
1987 3821 2220 3868 nimirum
2242 3822 2470 3884 quinqua
2499 3820 2745 3870 millium:

554 3901 674 3954 isse,
695 3913 810 3964 quae
835 3899 937 3946 vim
959 3895 1125 3960 plebis
1150 3898 1381 3952 Nolano,
1400 3898 1614 3962 impedi·
1693 3897 1848 3946 iidem
1870 3895 2178 3959 quingentos
2201 3908 2267 3943 ex
2293 3893 2634 3943 Romanorum
2659 3909 2748 3944 ex·

556 3984 732 4028 menta
752 3981 809 4026 et
830 3974 1053 4024 sarcinas
1076 3973 1301 4037 diripere
1334 3974 1616 4035 molientis,
1691 3973 1858 4021 ereitu
1903 3968 2224 4020 desideratos
2266 3969 2611 4032 tradiderunt,
2655 3972 2758 4021 ned·

556 4049 1463 4113 arceret‚dstumqueimpedimentis
1480 4064 1612 4112 prte-
1691 4048 1938 4096 minorem
1984 4059 2248 4094 numerum
2293 4043 2490 4095 fatetur
2531 4061 2562 4095 a
2603 4046 2750 4096 Livio

558 4128 761 4177 sidium.
796 4127 933 4176 Data
954 4133 1069 4172 tuin
1090 4125 1261 4187 itaque
1276 4123 1610 4192 impedimen·
1692 4125 1910 4174 editum.

556 4204 625 4253 tis
650 4201 908 4265 presidia,
930 4215 1045 4264 qun
1068 4198 1133 4247 ad
1158 4199 1209 4246 id
1232 4199 1506 4249 destinata.
1767 4209 1786 4243 5
1839 4202 1946 4249 Nom
1998 4201 2106 4262 plus
2145 4200 2426 4264 quingentos
2481 4201 2748 4251 Remum

585 4293 593 4302 ·
623 4278 880 4328 *Resides
900 4275 1083 4338 sueton]
1115 4271 1444 4324 Defectionis
1477 4275 1612 4324 scili·
1691 4275 1804 4338 [ano
1841 4277 2100 4340 Romanor]
2128 4277 2364 4341 amisisse]
2397 4277 2540 4340 Lege
2577 4278 2750 4325 Rom·
