3159 4934
581 365 758 434 2018
1533 379 1604 427 τ.
1640 379 1833 428 mvn

586 526 930 590 emiserat:
997 521 1496 605 arcessitosque
1547 541 1625 586 se
1674 523 1761 586 ab
1816 521 2183 586 triumviris
2234 521 2583 586 mensariis
2634 539 2811 586 esse

583 626 915 702 dixerunt,
967 633 1044 689 ut
1096 624 1313 707 pretia
1371 642 1715 688 servorum
1774 625 2183 706 acciperent.
2292 622 2607 687 Ceterum
2660 642 2811 686 non

583 736 765 804 ante,
813 746 1017 810 quam
1064 725 1240 790 bello
1292 725 1624 804 confecto,
1676 730 2079 809 accepturos
2130 744 2307 790 esse.
2413 722 2590 789 Cum
2642 723 2817 790 haee

582 828 928 894 inclinatio
977 827 1344 892 animorum
1376 827 1603 911 plebis
1640 827 1730 893 ad
1780 827 2241 892 sustinendam
2288 827 2585 910 inopiam
2620 845 2815 892 απα-

582 931 662 995 rii
712 930 937 1010 fieret3
1001 929 1310 1012 pecnniae
1357 947 1631 1013 quoque
1680 929 2055 1012 pupillares
2102 930 2349 1011 primo,
2400 927 2647 992 deinde
2696 931 2809 994 vi-

583 1031 890 1110 duarum,
939 1036 1186 1115 cceptae
1235 1029 1562 1110 conset-rh
1628 1049 1960 1114 nusquam
2009 1049 2127 1094 eas
2183 1031 2394 1094 tutius
2450 1029 2809 1094 sanctius·

583 1153 716 1217 que
745 1133 1072 1216 deponere
1101 1132 1558 1208 credentibus,
1583 1132 1704 1216 qui
1736 1131 2144 1204 deserebant,
2174 1151 2377 1216 quam
2416 1131 2483 1194 in
2516 1131 2814 1214 publica

537 1307 548 1320 q
581 1236 738 1300 fide.
827 1235 1012 1310 Inde,
1039 1234 1294 1318 siquid
1323 1240 1570 1300 emtum
1620 1241 2067 1319 paratumque
2112 1235 2390 1319 pupillis
2436 1253 2523 1299 ac
2564 1233 2813 1298 viduis

583 1337 770 1414 soret,
804 1356 847 1402 a
873 1345 1206 1422 quaestore
1251 1338 1837 1420 perscribebatur!
1924 1336 2237 1402 Manavit
2264 1357 2349 1400 ea
2374 1337 2813 1419 privatorum

585 1440 961 1522 benignitas
991 1459 1082 1504 ex
1113 1441 1276 1504 urbe
1305 1440 1508 1504 etiam
1543 1441 1613 1503 in
1642 1447 1894 1516 castra,
1926 1445 2001 1504 ut
2028 1459 2161 1504 non
2186 1457 2419 1523 eques,
2462 1457 2595 1502 non
2638 1457 2809 1504 cen-

585 1543 763 1606 turio
815 1540 1223 1624 stipendium
1269 1541 1675 1624 acciperent,
1706 1540 2325 1624 mercenariumque
2364 1539 2808 1624 increpantes

583 1648 920 1720 vocarent,
951 1643 1070 1726 qui
1101 1643 1507 1725 accepisset.

667 1744 775 1811 19.
805 1743 898 1823 Q.
933 1743 1192 1807 Fabius
1227 1745 1467 1808 consul
1493 1743 1580 1808 ad
1606 1742 1977 1808 Casilinum
2008 1751 2238 1809 castra
2264 1743 2803 1828 babebat,quod

583 1847 792 1911 duum
849 1844 1128 1910 millium
1189 1843 1681 1928 Campanorum
1742 1852 1815 1910 et
1874 1846 2451 1928 septingentorum
2502 1845 2800 1909 militum

583 1947 998 2010 Hannibalis
1041 1946 1391 2010 tenebatur
1423 1944 1766 2027 praesidio.
1854 1946 2155 2012 Praeerat
2182 1945 2445 2011 Statius
2479 1944 2797 2022 Metius,¹

583 2048 834 2112 missus
863 2049 952 2112 ab
977 2047 1104 2111 Cn.
1137 2047 1374 2129 Magio
1406 2046 1750 2125 Atellano,
1781 2048 1901 2131 qui
1942 2067 2025 2112 eo
2065 2066 2244 2113 anno
2298 2047 2796 2113 Medixtuticus

583 2157 749 2229 erat,
780 2149 1192 2234 servitiaque
1225 2156 1294 2214 et
1329 2148 1597 2233 plebem
1647 2150 2033 2232 promiscue
2077 2150 2398 2226 armabat,
2446 2159 2523 2214 ut
2564 2157 2795 2214 castra

585 2250 900 2315 Romana
949 2250 1313 2328 invaderet,
1361 2251 1623 2315 intento
1672 2251 1951 2316 consule
1988 2250 2075 2315 ad
2107 2250 2483 2315 Casilinum
2526 2269 2795 2335 oppug-

580 2351 895 2416 nandum.
986 2349 1174 2415 Nihil
1205 2369 1434 2416 eorum
1482 2349 1769 2416 Fabium
1806 2351 2055 2416 fefellit.
2144 2351 2387 2437 Itaque
2418 2351 2673 2418 Nolam
2703 2352 2793 2419 ad

581 2452 912 2534 collegam
960 2453 1190 2531 mittit,
1235 2458 1256 2486 ⁸
1287 2453 1503 2518 altero
1535 2453 1863 2531 exercitu,
1906 2453 2069 2519 dum
2097 2454 2477 2519 Casilinum
2528 2473 2795 2539 oppug-

581 2563 800 2634 natur,
831 2575 1009 2639 opus
1039 2575 1214 2634 esse,
1245 2555 1365 2640 qui
1397 2553 1765 2640 Campanis
1796 2563 2195 2642 opponatur.
2283 2555 2419 2621 Vel
2462 2555 2640 2640 ipse,
2692 2576 2795 2623 re·

575 2657 746 2723 licto
775 2657 845 2724 N
851 2659 986 2723 oloe
1018 2657 1338 2742 praesidio
1367 2657 1661 2735 modico,
1691 2659 1985 2724 veniret:
2035 2658 2165 2736 vel,
2195 2658 2256 2723 si
2286 2678 2441 2724 eum
2470 2658 2661 2725 Nola
2690 2669 2790 2724 te·

579 2771 792 2841 neret,
836 2770 902 2827 et
927 2761 1212 2826 necdum
1261 2779 1516 2826 securae
1567 2780 1681 2826 res
1729 2761 1816 2825 ab
1862 2759 2249 2825 Hannibale
2288 2769 2539 2838 essent,
2572 2781 2647 2826 se
2675 2762 2788 2826 Ti.

582 2864 966 2930 Gracchum
989 2864 1454 2947 proconsulem
1479 2883 1520 2927 a
1543 2863 1943 2928 Benevento
1962 2861 2382 2928 acciturum!
2432 2863 2503 2927 H
2510 2883 2594 2928 oc
2624 2883 2787 2928 nun-

580 2967 681 3028 tio
703 2970 728 3000 ²
759 2963 1153 3040 Marcellus,
1178 2962 1447 3027 duobus
1487 2965 1773 3029 militurn
1798 2963 2093 3028 millibus
2127 2963 2329 3030 Nolae
2360 2963 2429 3028 in
2460 2964 2787 3048 praesidio

580 3063 863 3141 relictiS,
892 3083 1044 3128 cum
1078 3065 1301 3127 cetero
1343 3065 1649 3128 exercitu
1681 3063 2051 3129 Casilinum
2100 3067 2305 3144 venit,
2356 3065 2789 3151 adventuque

581 3166 733 3249 ejus
766 3163 1116 3248 Campani,
1152 3164 1300 3249 jam
1330 3172 1682 3232 moventes
1716 3185 1900 3245 sese,
1920 3165 2339 3249 quieverunt.
2406 3167 2517 3232 Ita
2548 3187 2593 3234 a
2618 3168 2789 3233 duo·

579 3270 713 3334 bus
758 3268 1154 3334 consulibus
1205 3266 1578 3333 Casilinum
1636 3268 2004 3352 oppugnari
2052 3278 2372 3353 coeptum.
2466 3267 2605 3336 Ubi
2636 3289 2787 3336 cum

579 3373 813 3452 multa,
847 3371 1276 3438 succedentes
1307 3375 1550 3436 temere
1582 3370 1946 3447 moenibus,
1980 3369 2275 3436 Romani
2320 3371 2569 3436 milites
2606 3373 2787 3439 acci-

581 3481 816 3558 perent
863 3475 1155 3552 vulnera,
1185 3490 1406 3556 neque
1457 3471 1628 3537 satis
1658 3471 1941 3558 inceptis
1960 3481 1981 3520 ³
2012 3473 2459 3553 succederet,⁰
2506 3473 2786 3552 Fabius,

643 3663 672 3698 e
704 3653 762 3703 Si
782 3669 846 3703 ex
869 3655 1071 3732 pecunie
1085 3656 1388 3732 pupillorum
1405 3659 1456 3706 ee
1473 3655 1743 3732 vanuum,
1763 3669 1868 3718 quoe
1899 3655 1953 3705 in
1985 3655 2223 3720 publicum
2248 3655 2588 3722 conserebatur,
2607 3657 2788 3732 aliquid

579 3724 702 3769 καί
722 3721 849 3782 quod
869 3720 989 3782 tpn’ae
1003 3734 1098 3768 em
1117 3723 1355 3770 σοιιιιικίε
1375 3723 1554 3784 poa-ee,
1575 3721 1631 3769 nd
1647 3719 1879 3770 nentem
1894 3727 2118 3783 queunt,
2142 3727 2197 3771 ut
2217 3723 2399 3772 oeilicet
2416 3727 2655 3772 mmet
2670 3722 2789 3786 φεῦ

577 3785 747 3834 mio.-
777 3785 932 3848 pretio
951 3784 1122 3834 deinde
1138 3789 1250 3848 post
1271 3785 1444 3836 bellum
1461 3787 1753 3836 amado
1774 3799 1839 3834 ex
1858 3786 2056 3837 mdo.

1495 3910 1870 3933 ΟΜΟΟΜΟ

648 4000 673 4045 1
711 3995 837 4044 Vet.
859 3993 949 4043 lib.
975 3993 1112 4058 apud
1135 3993 1318 4060 Sigon.
1351 3996 1542 4048 Statius
1559 3996 1865 4048 Minium—2
1891 3995 2044 4060 Conj.
2069 3997 2285 4060 Rupert.
2318 3998 2652 4050 nuntiam-8
2685 3999 2701 4028 ⁶
2724 3998 2783 4050 ln

1579 4127 1797 4179 1⁴10?AE

647 4231 671 4256 ⁰
702 4221 910 4286 Inceptic
951 4224 1241 4292 succederet]
1307 4225 1414 4276 Pro
1457 4227 1647 4291 inceptu
1686 4227 2015 4289 accederent.-
2069 4239 2191 4278 rara
2237 4225 2359 4282 alibi
2398 4225 2641 4294 loquendi
2684 4224 2782 4278 for·
