3159 4934
538 374 713 441 2166
1491 388 1562 437 τ.
1611 388 1802 438 mvn

535 524 847 609 pitolium
878 530 1142 603 vocato,
1182 523 1267 589 de
1304 544 1375 589 re
1396 525 1702 609 publica,
1723 526 1807 591 de
1837 524 2406 592 administratione
2435 524 2624 603 belli,
2643 526 2728 591 de

536 626 903 712 provinciis
924 628 1472 711 exercitibusque
1502 629 1744 693 Patres
1779 627 2276 693 consuluerunt.
2345 626 2434 706 Q.
2469 627 2731 704 Fulvio,

531 728 665 812 Ap.
680 726 1021 802 Claudio,¹
1054 727 1293 809 prioris
1310 728 1465 793 anni
1483 728 1901 805 consulibuS,
1931 734 2360 810 prorogatum
2378 729 2729 811 imperinm

532 836 658 905 est,
677 835 872 913 atque
888 829 1246 906 exercitae,
1268 848 1437 913 quos
1450 828 1806 905 habebant,
1824 829 2112 909 decreti;
2137 830 2624 915 adjectumque,
2644 849 2730 894 ne

529 951 573 996 a
602 930 863 1014 Capua,
881 949 1079 1013 quam
1112 930 1541 1009 obsidebant,
1568 931 2028 1005 abscederent,
2051 932 2237 1014 prius
2255 950 2456 1015 quam
2473 952 2729 1015 expug-

526 1038 820 1097 nassent.
898 1030 999 1095 Ea
1032 1036 1168 1095 tum
1208 1050 1368 1095 cura
1388 1032 1681 1096 maxime
1709 1033 1994 1097 intentos
2018 1032 2312 1097 babebat
2335 1031 2682 1097 Romanos
2707 1054 2725 1112 ;

528 1152 657 1197 non
680 1135 765 1198 ab
796 1134 932 1196 ira²
964 1138 1240 1206 tantum,
1273 1133 1513 1214 quaein
1532 1133 1785 1197 nullam
1811 1152 2104 1218 unquam
2126 1134 2460 1198 civitatem
2471 1133 2725 1218 justior

523 1234 669 1310 suit,
688 1254 890 1318 qnam
914 1232 1097 1316 quod
1116 1233 1277 1298 urbs
1308 1240 1441 1299 tam
1470 1234 1718 1299 nobilis
1741 1252 1825 1299 ac
1848 1242 2116 1317 potens,
2142 1235 2322 1299 sicut
2342 1234 2722 1302 desectione

524 1356 652 1401 sua
675 1341 963 1400 traxerat
1006 1335 1262 1418 aliquot
1286 1336 1610 1419 populos,
1639 1336 1736 1401 ita
1759 1343 2036 1420 recepta
2059 1337 2460 1401 inclinatura
2489 1356 2721 1401 rursus

524 1439 786 1503 animos
806 1437 1155 1502 videbatur
1175 1436 1262 1501 ad
1285 1438 1523 1501 veteris
1535 1438 1806 1521 imperii
1828 1445 2266 1521 respectum!
2304 1437 2394 1502 Et
2419 1425 2721 1521 praet'ori-

520 1540 650 1603 bus
705 1540 941 1623 prioris
988 1538 1169 1613 anni,
1218 1536 1320 1601 Μ.
1369 1538 1575 1603 sunio
1622 1540 1690 1603 in
1735 1536 2025 1616 Etruria,
2075 1536 2152 1601 P.
2195 1538 2591 1621 Sempronio
2647 1538 2716 1601 in

521 1638 769 1716 Gallia,
805 1660 957 1705 cum
1006 1639 1180 1704 binis
1227 1640 1628 1721 legionibus,
1662 1659 1832 1723 quas
1866 1637 2264 1717 habuerant,
2297 1646 2717 1722 prorogatum

514 1751 619 1807 est
646 1743 1020 1826 imperium.
1094 1740 1529 1821 Prorogatum
1546 1749 1618 1805 et
1633 1740 1738 1805 M.
1760 1740 2122 1817 Marcello,
2145 1746 2222 1805 ut
2249 1759 2370 1823 pro
2401 1741 2675 1806 consule
2693 1750 2714 1789 ³

517 1844 589 1907 in
618 1843 857 1908 Sicilia
885 1843 1197 1925 reliqua⁴
1237 1842 1396 1907 belli
1426 1842 1774 1925 perficeret
1803 1861 1888 1906 eo
1916 1842 2243 1918 exercitu,
2277 1860 2480 1924 quem
2512 1843 2716 1906 habe·

516 1947 639 2007 ret.
714 1946 788 2007 Si
843 1944 1307 2027 supplemento
1346 1960 1521 2024 opus
1552 1952 1755 2020 esset,
1795 1940 2144 2025 suppleret
2187 1940 2271 2005 de
2313 1941 2711 2023 legionibus,

514 2044 765 2129 quibus
796 2044 877 2109 P.
910 2042 1263 2108 Cornelius
1288 2050 1664 2125 propraetor
1687 2042 1754 2107 in
1783 2041 2022 2107 Sicilia
2049 2046 2409 2125 praeesset3
2441 2041 2598 2106 dum
2629 2063 2714 2108 ne

510 2165 713 2228 quem
744 2146 1021 2210 militem
1042 2144 1284 2226 legeret
1306 2162 1396 2207 ex
1418 2162 1503 2207 eo
1526 2141 1860 2221 numero,¹’
1882 2143 2126 2226 quibus
2151 2149 2426 2206 senatus
2449 2144 2714 2209 missio·

510 2264 667 2311 nem
696 2245 1112 2328 reditumque
1161 2245 1229 2306 in
1257 2243 1546 2326 patriam
1593 2247 1908 2324 negasset
1935 2248 2090 2307 ante
2122 2243 2285 2307 belli
2314 2242 2536 2307 finem.
2628 2244 2710 2311 G.

508 2348 829 2429 Sulpicio,
860 2348 968 2410 cui
1000 2344 1237 2408 Sicilia
1257 2350 1281 2389 ⁵
1326 2351 1664 2418 evenerat,
1693 2344 1846 2408 duae
1875 2344 2197 2426 legiones,
2231 2364 2404 2428 quas
2437 2344 2518 2410 P.
2549 2341 2762 2411 Cor-—

510 2449 733 2513 nelius
784 2447 1158 2521 habuisset,
1205 2444 1525 2521 decretae,
1570 2450 1640 2507 et
1678 2444 2220 2527 supplementum
2265 2446 2349 2512 de
2401 2447 2710 2513 exercitu

510 2548 638 2615 Gn.
670 2548 915 2625 Fulvii,
940 2547 1059 2631 qui
1092 2545 1311 2629 priore
1338 2564 1513 2609 anno
1543 2544 1614 2609 in
1643 2542 2112 2627 Apulia'foede
2142 2564 2366 2611 caesus
2403 2546 2706 2630 fugatus·

511 2669 647 2735 que
708 2655 901 2713 erat.⁴²
987 2646 1177 2711 Huic
1236 2645 1458 2727 generi
1500 2644 1791 2709 militum
1837 2653 2112 2711 senatus
2159 2647 2460 2726 eundem,
2508 2667 2705 2732 quem

509 2750 1005 2825 Cannensibus,
1034 2746 1227 2811 finem
1270 2752 1590 2812 statuerat
1620 2746 1921 2812 militiae:
1969 2745 2270 2814 additum
2295 2748 2498 2813 etiam
2531 2755 2704 2813 utro·

506 2870 789 2934 rumque
850 2847 1235 2929 ignominiae
1288 2854 1417 2921 θεῖς
1461 2864 1547 2909 ne
1589 2847 1658 2909 in
1707 2847 1986 2929 oppidis
2026 2846 2488 2929 hybernarent,
2539 2868 2704 2915 neve

504 2952 801 3033 hyberna
830 2950 1109 3031 propius
1140 2948 1345 3011 ullam
1368 2948 1601 3010 urbem
1623 2947 1856 3011 decern
1881 2948 2176 3012 millibus
2199 2968 2518 3032 passuum
2538 2951 2701 3015 oedi-

502 3050 799 3114 ficarent.
889 3046 969 3111 L.
998 3045 1313 3110 Cornelio
1353 3045 1419 3107 in
1459 3044 1776 3109 Sardinia
1807 3046 1960 3111 duae
1991 3048 2290 3129 legiones
2321 3050 2525 3128 datae,
2555 3054 2702 3134 qui-

502 3149 631 3213 bus
657 3145 747 3225 Q.
777 3144 1046 3211 Mucius
1084 3143 1459 3228 praefuerat.
1550 3145 2128 3228 supplementum,
2165 3148 2224 3213 si
2272 3170 2444 3235 opus
2490 3162 2699 3230 esset,

500 3248 820 3315 consules
851 3246 1142 3311 scribere
1178 3246 1385 3329 jussi.
1474 3245 1558 3311 Τ.
1591 3244 1887 3312 Otacilio
1937 3257 2009 3312 et
2057 3248 2161 3316 M.
2195 3250 2476 3317 Valerio
2521 3253 2698 3319 Sici-

496 3470 509 3483 .
522 3377 533 3397 “
562 3406 875 3535 adfiffeccgg‘a
894 3411 1015 3456 aaut
1046 3412 1099 3455 ue
1135 3404 1439 3469 respicerent.
1465 3410 1610 3468 alque
1642 3404 1816 3455 iterun
1835 3411 2054 3469 optarent
2077 3410 2328 3473 imperinm
2359 3412 2697 3473 Ros-anm,

484 3486 591 3533 μοι
699 3486 729 3521 α
860 3486 954 3523 am.

1415 3593 1630 3615 Omen
1633 3594 1717 3615 000
1721 3594 1781 3615 00

565 3681 591 3726 1
628 3677 712 3728 Al.
738 3678 803 3735 Q.
834 3680 1003 3728 Fulvio
1032 3683 1081 3727 et
1101 3678 1167 3727 Δ.
1194 3677 1511 3727 claudia—s
1542 3677 1560 3706 ⁸
1585 3678 1815 3742 Vulgata
1847 3680 2003 3730 lectio
2025 3682 2083 3730 ob
2103 3682 2226 3731 ι’νωιι
2248 3682 2528 3745 importata
2551 3681 2694 3730 vide·
2776 3712 2784 3719 -

496 3748 582 3791 tm·
609 3743 673 3791 ab
698 3743 780 3804 iis,
803 3744 893 3806 qni
926 3744 1077 3806 bnjna
1102 3743 1377 3792 locutionis
1406 3755 1552 3792 nsum
1574 3742 1914 3807 ignorarent-³
1946 3746 2280 3807 Durine-8
2315 3745 2401 3796 Al.
2427 3748 2694 3809 proconsul.

1486 3886 1706 3939 Now

556 3998 583 4033 δ
618 4000 700 4048 Ex
720 4014 773 4049 eo
793 4012 1003 4055 numero,
1025 3998 1133 4061 lta]
1158 4000 1347 4050 Eorum
1366 4014 1557 4066 nempe
1636 4002 1750 4065 ipse
1779 3999 1924 4051 fusus
1949 4000 2292 4068 fugatusque:
2331 4004 2429 4053 nini
2459 4005 2692 4057 dicamus

492 4074 581 4137 q'ui
608 4074 791 4136 praelio
816 4074 1078 4125 Cannensi
1099 4071 1363 4137 fugerant.
1633 4091 1808 4127 casura
1851 4078 2168 4141 generaliter
2203 4092 2298 4141 pro
2341 4081 2474 4130 male
2511 4082 2689 4133 habito

558 4156 581 4181 τ
614 4148 678 4197 In
712 4149 889 4213 Apulia
908 4148 1043 4209 soede
1080 4163 1228 4199 cam
1258 4149 1553 4214 fugaturque
1633 4165 1728 4203 seu
1752 4154 1894 4203 victo
1915 4153 2077 4202 anmi:
2104 4168 2220 4203 nam
2241 4155 2338 4219 ipsi
2359 4156 2473 4208 dica
2495 4171 2608 4209 cam
2621 4158 2690 4209 ob

488 4222 625 4287 erat]
692 4224 869 4275 cresus
906 4223 1080 4275 fuerat
1111 4225 1226 4289 ejas
1269 4227 1552 4283 exercitus,
1633 4242 1742 4279 rem
1761 4228 1903 4279 dicta
1924 4242 2042 4291 cap.
2061 4231 2316 4294 sequenti.
