3159 4934
549 403 724 472 2194
1485 421 1554 468 τ.
1610 420 1801 470 mvn

554 565 723 630 Inde
751 565 962 629 citato
987 584 1168 650 equo
1202 563 1404 629 Cales
1434 566 1793 649 percurrit:
1836 564 1953 630 ubi
1978 583 2132 630 cum
2154 563 2223 629 iu
2254 563 2565 630 tribunali
2594 577 2753 630 coni

551 667 864 743 sedisset,
889 666 1330 749 productique
1353 665 1687 751 Campani
1712 667 2151 748 deligarentur
2169 665 2253 730 ad
2275 667 2523 748 palum,
2541 685 2749 751 eques

550 769 726 832 citus
755 767 842 831 ab
874 768 1100 832 Roma
1127 768 1325 843 venit,
1349 767 1705 851 literasque
1735 766 1876 832 aC.
1893 765 2255 850 Calpurnio
2276 773 2563 851 praetore
2588 767 2753 832 Ful-

549 869 664 934 vio
697 874 765 934 et
793 877 1062 934 senatus
1101 870 1482 934 consultum
1532 868 1882 934 tradidit.¹¹
1974 867 2273 933 Murmur
2303 869 2391 932 ab
2432 865 2749 933 tribunali

551 977 764 1036 totam
797 972 1188 1036 concionem
1219 969 1538 1054 pervasit,
1582 969 1833 1034 differri
1857 989 1993 1034 rem
2032 967 2358 1050 integram
2389 967 2480 1032 ad
2512 967 2750 1033 Patres

550 1071 636 1137 de
658 1071 1030 1155 Campanis
1054 1091 1073 1154 ;
1117 1080 1187 1136 et
1205 1079 1256 1110 ¹²
1301 1071 1609 1147 Fulvius,
1632 1069 1703 1134 id
1724 1071 1826 1135 ita
1847 1089 1999 1134 esse
2024 1076 2228 1148 ratus»,
2256 1074 2573 1152 acceptas
2596 1069 2751 1134 lite-

546 1193 659 1238 ras
687 1194 909 1258 neque
938 1175 1271 1239 resolutas
1293 1193 1444 1237 cum
1467 1173 1537 1236 in
1560 1172 1813 1255 gremio
1840 1173 2280 1255 reposuisset,
2300 1172 2603 1254 praeconi
2622 1173 2749 1236 im-

547 1276 828 1357 peravit,
858 1284 937 1340 ut
962 1276 1268 1340 lictorem
1296 1275 1440 1358 lege
1467 1293 1660 1358 agere
1697 1273 2013 1358 juberet?t
2098 1272 2207 1337 Ita
2236 1273 2323 1337 de
2352 1273 2437 1336 iis
2460 1292 2747 1356 quoque,

547 1377 668 1458 qui
697 1375 976 1442 Calibus
1005 1384 1216 1454 erant,
1246 1384 1543 1440 sumtum
1583 1375 2021 1459 supplicium.
2104 1371 2277 1438 Tum
2308 1373 2519 1438 literae
2550 1375 2745 1452 lectae

548 1485 954 1562 senatusque
981 1478 1384 1558 consultum,
1407 1497 1625 1544 serum
1659 1476 1749 1542 ad
1770 1475 2269 1559 impediendam
2299 1493 2433 1539 rem
2479 1483 2695 1540 actam
2722 1497 2743 1557 3

547 1599 701 1664 quae
719 1600 980 1644 summa
998 1599 1130 1664 ope
1155 1587 1602 1663 approperata
1630 1585 1796 1656 erat,
1828 1597 1910 1643 ne
1939 1576 2246 1661 impediri
2269 1581 2527 1660 posset.
2570 1574 2749 1641 Con-

546 1688 921 1764 surgentem
961 1681 1108 1766 jam
1157 1680 1474 1745 Fulvium
1501 1681 1765 1744 Taurea
1802 1678 2147 1744 Jubellius
2179 1675 2590 1762 Campanus,
2624 1695 2749 1760 per

546 1782 836 1848 mediam
876 1783 1128 1848 vadens
1167 1783 1398 1847 urbem
1435 1783 1855 1865 turbamque,
1896 1781 2167 1845 nomine
2211 1780 2625 1856 inclamavit,
2655 1786 2746 1857 et,

545 1901 724 1962 cum,
755 1883 1186 1948 mirabundus
1213 1881 1531 1966 quidnam
1561 1902 1714 1948 sese
1739 1882 1955 1958 vellet,
1985 1881 2363 1947 resedisset
2376 1879 2747 1958 Flaccus‚¹³

545 1990 564 2019 ‘
591 1983 710 2049 Me
731 1983 1036 2068 quoque:
1079 1985 1316 2067 inquit,
1363 1983 1562 2068 ‘jube
1586 1982 1835 2063 occidi,
1865 1989 1941 2046 ut
1962 1982 2227 2064 gloriari
2255 1982 2506 2065 possis,
2534 1981 2743 2046 multo

543 2084 902 2162 fortiorem,
923 2103 1130 2169 quam
1151 2085 1300 2169 ipse
1327 2105 1426 2163 es,
1447 2085 1661 2149 virum
1685 2085 1809 2150 abs
1838 2090 1905 2149 te
1929 2090 1985 2132 ¹⁴
2005 2084 2308 2149 occisum
2330 2080 2527 2147 esse?
2571 2081 2744 2147 Cum

549 2183 843 2253 Flaccus
894 2193 1186 2270 negaret,
1235 2190 1256 2220 ‘
1277 2186 1576 2272 profecto
1624 2187 1792 2251 satis
1840 2192 2215 2272 compotem
2264 2185 2503 2250 mentis
2550 2181 2746 2263 esse,'

543 2287 766 2366 modo,
810 2293 834 2322 ‘
855 2290 1185 2372 prohiberi
1227 2291 1431 2353 etiam
1473 2307 1572 2365 se,
1602 2288 1663 2352 si
1701 2287 1773 2352 id
1801 2286 2026 2364 vellet,
2072 2296 2345 2353 senatus
2386 2285 2747 2364 consulto,'

543 2390 802 2453 diceret
823 2407 844 2450 ε
887 2395 1026 2454 tum
1076 2387 1123 2454 J
1128 2390 1441 2465 ubellius,
1489 2383 2137 2473 ‘Quandoquidem’
2190 2389 2428 2473 iuquit,
2491 2393 2512 2423 ‘
2539 2394 2745 2472 capta

542 2489 780 2572 patria,
811 2489 1206 2574 propinquis
1237 2493 1609 2577 amicisque
1636 2491 1935 2568 amissis,
1964 2511 2115 2556 cum
2160 2491 2309 2575 ipse
2357 2508 2559 2555 manu
2588 2509 2744 2555 mea

542 2591 887 2676 conjugem
929 2592 1310 2676 liberosque
1337 2592 1807 2670 interfecerim,
1836 2611 1920 2657 ue
1962 2592 2123 2675 quid
2161 2591 2411 2675 indigni
2442 2598 2738 2675 pateren-

541 2698 670 2771 tur,
692 2693 854 2758 mihi
877 2712 957 2758 ne
983 2694 1216 2759 mortis
1244 2693 1507 2778 quidem
1539 2693 1745 2776 copia
1766 2693 2000 2760 eadem
2022 2701 2152 2771 est,
2180 2711 2333 2777 quae
2355 2692 2465 2758 his
2481 2692 2739 2758 civibus

1455 2871 1823 2894 000000000000

537 3002 667 3047 —10
701 2995 785 3045 Al.
822 2996 1198 3046 sociorum—ll
1232 2997 1251 3026 ‘
1275 2997 1556 3062 Lito-uque
1582 3014 1614 3046 a
1648 2999 1709 3046 c.
1752 2996 2009 3060 Calpurnio
2034 2997 2295 3060 populoque
2320 2997 2533 3048 mano
2566 2997 2739 3050 Fulvio

535 3077 642 3111 eum
663 3059 954 3110 tradidisset.
1019 3061 1106 3109 Ita
1139 3061 1407 3124 legebatur
1440 3072 1562 3111 ante
1594 3062 1876 3122 Sigonium,
1910 3061 2037 3110 satis
2062 3062 2265 3124 inepte:
2304 3063 2345 3112 it
2415 3077 2479 3112 ne
2502 3067 2741 3126 reposuit

538 3127 644 3186 iile,
676 3125 934 3186 literam
971 3140 1003 3174 a
1029 3125 1088 3174 C.
1113 3125 1370 3188 Calpurnio
1385 3132 1595 3189 prator-e
1618 3126 1787 3176 Fulvio
1806 3139 1912 3174 eum
1947 3125 2241 3174 tradidisset.
2310 3127 2379 3177 Se
2452 3127 2574 3177 Pet.
2596 3129 2741 3180 Meu.

537 3191 688 3239 Voss.
711 3196 768 3238 et
789 3188 1076 3237 Florentiui
1099 3188 1328 3254 aliquota
1361 3206 1392 3239 α
1419 3193 1477 3241 C.
1502 3190 1759 3252 Calpas-nio
1774 3191 2036 3253 populoque
2062 3189 2272 3239 Romo
2292 3191 2467 3241 Fulvio
2480 3194 2736 3243 mundis.

537 3253 687 3302 Alius
713 3253 983 3312 Etruscus,
1012 3251 1265 3316 literaeque
1301 3269 1334 3303 a
1374 3256 1434 3306 G.
1460 3255 1719 3319 Calpurnio
1746 3258 1953 3318 pretore
1978 3253 2150 3304 Fuluio
2182 3256 2357 3306 tradit.
2422 3255 2592 3320 Alius,
2622 3273 2652 3306 a
2674 3258 2735 3306 G.

540 3318 830 3381 Calplmrnt’o
857 3317 1024 3380 populo
1041 3317 1107 3366 R.
1130 3319 1299 3368 Fulvio
1315 3325 1389 3368 est
1410 3335 1514 3370 cun
1535 3319 1706 3369 tradit.
1773 3317 1964 3380 Regius
1987 3325 2043 3367 et
2068 3318 2183 3368 Pal.
2222 3320 2512 3383 Calpharnio
2532 3328 2732 3384 pretore

535 3383 702 3432 Fulvio
733 3381 991 3432 contradit.
1059 3381 1147 3431 Ita
1185 3383 1434 3432 vitiarunt
1469 3385 1718 3446 optimam
1752 3382 2064 3446 scripturam
2101 3382 2445 3447 antiquissimi
2482 3385 2609 3436 Put.
2644 3385 2733 3450 qui

537 3445 1052 3560 &maffia-,2
1068 3445 1801 3561 “immam
1774 3447 2738 3577 ,g-Wcansssodffigumm
2609 3455 2657 3500 ι*
2679 3450 2737 3500 ⁸·

533 3577 595 3624 ad
616 3576 796 3627 Patres
821 3577 880 3625 de
907 3574 1176 3638 canpania-
1241 3575 1372 3626 Haec
1406 3589 1501 3639 pro
1533 3584 1695 3639 captu
1733 3589 1824 3625 suo
1854 3575 1907 3624 in
1945 3545 2197 3640 sequidris
2232 3578 2331 3626 aevi
2371 3576 2514 3625 libris
2550 3589 2734 3624 eorru-

535 3652 724 3701 perunt
745 3640 951 3689 notarii.
1019 3639 1326 3702 Explicatur
1359 3647 1480 3704 post
1510 3654 1701 3704 pancos
1739 3654 1939 3698 versus,
1975 3641 2095 3690 Tum
2124 3639 2277 3688 litem
2296 3641 2427 3688 lecta
2448 3643 2728 3700 metuoque

531 3705 825 3752 consultum:
855 3704 908 3754 J.
945 3704 1004 3752 F.
1033 3703 1327 3753 Grou0—l2
1363 3706 1468 3755 Pro
1511 3710 1560 3754 et
1598 3704 1737 3764 conj.
1770 3705 2021 3768 Doering.
2044 3704 2258 3756 Ata-ns
2292 3702 2537 3752 Vet..1ib.
2580 3701 2725 3764 apud

534 3767 712 3880 {⁵1⁸⁰ss
739 3771 788 3816 et
813 3782 921 3816 cnm
949 3769 1254 3818 mirabundus
1282 3769 1506 3833 quidam
1525 3785 1627 3820 sese
1646 3769 1800 3825 vellet.
1829 3768 2108 3834 inquireret,
2134 3767 2339 3818 residem
2372 3765 2725 3816 Harena-14

607 3864 620 3880 .
644 3847 674 3880 a
727 3837 795 3880 te.

1514 3943 1735 3996 NOTAE

595 4047 620 4074 ¹
673 4038 806 4102 Lege
847 4052 990 4110 offere
1015 4039 1233 4104 juberet]
1291 4039 1354 4090 In
1398 4054 1591 4104 genere
1670 4045 1859 4100 tratas,
1882 4051 1998 4089 enm
2014 4037 2321 4104 supplicium
2345 4036 2475 4087 sumi
2496 4036 2565 4086 de
2586 4037 2729 4086 dam-

530 4120 637 4179 Iege
665 4131 826 4180 agere,
861 4120 941 4164 est
978 4115 1256 4165 secundum
1289 4115 1456 4178 legem
1498 4117 1591 4166 ali·
1666 4115 2107 4180 natisjubebant3
2140 4130 2261 4164 uam
2282 4121 2337 4164 et
2358 4115 2435 4164 ita
2450 4111 2561 4166 fera
2582 4113 2729 4165 dam-

529 4191 652 4256 quid
673 4191 918 4256 persequi
937 4197 1030 4240 aut
1051 4191 1234 4255 exequi
1255 4207 1268 4238 =
1315 4192 1588 4254 speciatim
1668 4193 1863 4242 nubant
1884 4200 1941 4242 nt
1966 4198 2166 4241 tantum
2188 4199 2370 4240 contra
2388 4191 2553 4256 legem
2574 4189 2729 4242 fecia-

533 4275 704 4320 tsmen
741 4267 835 4319 bae
859 4265 1080 4319 formula
1105 4265 1383 4317 utebantur
1403 4269 1590 4332 magis·
1669 4283 1725 4319 se
1748 4265 1913 4318 videri
1936 4267 2354 4333 pronuntiarent.
