3159 4934
1145 424 1293 471 mn.
1341 424 1535 473 xxv,
1582 424 1746 473 cn.
1793 409 1896 472 13.
2439 408 2614 476 2103

430 566 559 629 dos
589 569 835 649 praetor
874 564 940 629 in
970 563 1146 629 circo
1176 566 1474 630 maximo
1505 585 1662 631 cum
1704 566 1998 631 facturus
2021 571 2226 645 esset,
2269 567 2506 645 edixit,
2545 576 2618 631 ut

433 667 726 751 populus
760 686 879 750 per
918 686 1035 731 eos
1066 667 1255 731 ludos
1304 668 1540 751 stipem
1587 667 1914 751 Apollini,
1962 676 2278 753 quantam
2325 689 2613 734 commo-

435 767 597 831 dum
625 774 827 845 esset,
858 766 1205 832 conferret.
1294 767 1473 833 Haec
1504 776 1608 842 est
1637 769 1823 850 origo
1863 769 2168 833 ludorum
2205 770 2616 853 Apollinari-

418 886 569 944 um,
591 867 914 945 victoriae,
946 886 1079 931 non
1113 866 1533 944 valetudiniS,
1576 887 1760 949 ergo,
1790 881 1865 933 ut
1894 870 2196 954 plerique
2225 878 2467 948 rentur,
2498 890 2614 934 vo-

437 976 653 1032 torum
682 978 705 1015 ⁵
747 968 1231 1053 factorumque.
1318 968 1628 1051 Populus
1670 977 2024 1034 coronatus
2055 973 2429 1053 spectavit:
2475 990 2615 1035 ma·

438 1074 649 1133 tronae
704 1068 1210 1153 supplicavere:
1255 1069 1457 1151 vulgo
1505 1070 1754 1151 apertis
1795 1070 2025 1153 januis
2070 1073 2138 1135 in
2191 1069 2622 1155 propatulis⁶

441 1171 695 1254 epulati
742 1176 913 1248 sunt,
963 1172 1357 1254 celeberque
1402 1172 1547 1235 dies
1596 1173 1796 1235 omni.
1823 1173 2352 1237 caerimoniarum
2391 1193 2622 1256 genere

442 1273 584 1337 suit.

526 1374 632 1437 13.
679 1374 845 1438 Cum
906 1372 1246 1437 Hannibal
1284 1373 1463 1437 circa
1500 1374 1891 1450 Tarentum,
1935 1375 2243 1439 consules
2295 1376 2494 1439 ambo
2551 1378 2622 1440 in

443 1476 721 1540 Samnio
794 1483 1037 1553 essent,
1108 1475 1223 1538 sed
1282 1475 1782 1539 circumsessuri
1841 1474 2142 1557 Capuam
2209 1474 2622 1555 viderentur3

442 1576 625 1659 quod
680 1577 922 1641 malum
969 1576 1294 1640 diuturnae
1341 1574 1719 1638 obsidionis
1767 1594 1918 1639 esse
1967 1574 2162 1651 solet,
2196 1574 2336 1657 jam
2381 1576 2623 1639 famem

445 1676 775 1759 Campani
822 1678 1243 1752 sentiebant,.
1276 1675 1439 1759 quia
1482 1679 1850 1739 sementem
1893 1674 2112 1738 facere
2155 1674 2627 1757 prohibuerant

442 1796 563 1842 eos
622 1776 922 1841 Romani
978 1777 1342 1840 exercitus.
1430 1774 1676 1858 Itaque
1726 1775 1983 1857 legatos
2039 1776 2125 1839 ad
2167 1776 2624 1844 Hannibalem

444 1880 779 1953 miserunt,
810 1885 1098 1954 oranteS,
1143 1883 1221 1941 ut
1254 1877 1458 1958 prius»,
1505 1895 1706 1960 quam
1747 1878 2063 1943 consules
2112 1877 2182 1940 in
2231 1896 2422 1957 agros
2463 1897 2628 1943 snos

449 1980 805 2044 educerent
832 1980 1145 2061 legiones,
1192 1978 1459 2061 viaeque
1491 1995 1724 2041 omnes
1753 1975 2047 2040 hostium
2078 1977 2416 2059 praesidiis
2465 1978 2625 2041 insi·

445 2080 767 2158 darentur,
822 2081 1219 2145 frumentum
1277 2098 1365 2141 ex
1410 2077 1795 2161 propinquis
1847 2078 2017 2141 locis
2064 2079 2339 2143 convehi
2367 2078 2630 2161 juberet

450 2178 781 2262 Capuam.
869 2179 1231 2252 Hannibal,
1258 2178 1666 2241 Hannonem
1707 2194 1800 2240 ex
1838 2177 2120 2242 Bruttiis
2150 2198 2300 2242 cum
2331 2182 2628 2243 exercitu

448 2280 515 2342 in
545 2278 983 2361 Campaniam
1026 2278 1330 2354 transire,
1367 2284 1433 2341 et
1461 2277 1617 2341 dare
1647 2296 1939 2359 operam,
1983 2286 2060 2342 ut
2095 2278 2405 2344 frumenti
2431 2280 2630 2362 copia

452 2380 635 2444 fieret
667 2381 1052 2463 CampaniS,
1070 2380 1299 2463 jussit.
1389 2380 1656 2454 Hanno,
1681 2398 1766 2443 ex
1799 2379 2078 2444 Bruttiis
2105 2382 2444 2465 profectus
2475 2400 2626 2448 cum

448 2483 784 2559 exercitu,
829 2482 1239 2546 vitabundus
1279 2489 1501 2546 castra
1538 2480 1836 2545 hostium
1879 2482 2351 2566 consulesque,
2391 2484 2507 2566 qui
2554 2482 2626 2546 in

454 2582 727 2648 Samnio
780 2590 1012 2660 erant‚¹
1056 2603 1210 2647 cum
1253 2583 1636 2647 Benevento
1675 2581 1818 2663 jam
1869 2584 2452 2667 appropinquaret,
2506 2583 2635 2654 tria

450 2704 773 2767 passuum
796 2684 1009 2748 millia
1039 2685 1125 2746 ab
1160 2684 1315 2765 ipsa
1344 2683 1503 2745 urbe
1532 2682 1686 2745 loco
1715 2680 1902 2745 edito
1933 2688 2158 2746 castra
2186 2683 2430 2763 posuit.
2520 2680 2634 2745 In-

453 2785 536 2848 de
574 2805 665 2849 ex
716 2786 921 2849 sociis
961 2785 1143 2847 circa
1180 2781 1479 2864 populiS,
1509 2800 1646 2862 quo
1682 2787 1920 2845 aestate
1951 2789 2440 2864 comportatum
2469 2790 2633 2856 erat,

453 2886 689 2949 devehi
734 2884 1128 2948 frumentum
1177 2882 1244 2946 in
1304 2889 1531 2946 castra
1564 2881 1812 2965 jussit3
1860 2882 2191 2964 praesidiis
2242 2882 2444 2958 datis,
2479 2901 2633 2964 quae

454 2990 864 3049 commeatus
891 3004 1013 3048 eos
1031 2990 1609 3067 prosequerentur.
1653 2982 1959 3066 Capuam
1987 2983 2144 3046 inde
2171 2984 2476 3047 nuntium
2509 2982 2631 3045 mi·

456 3086 569 3162 sit,
596 3104 731 3168 qua
759 3085 867 3149 die
904 3086 974 3148 in
1005 3085 1285 3149 castris⁷
1330 3084 1415 3148 ad
1447 3085 1915 3168 accipiendum
1945 3084 2335 3148 frumentum
2385 3089 2634 3167 praesto

456 3194 707 3264 essent,
740 3188 917 3249 omni
960 3187 1260 3271 undique
1305 3205 1545 3267 genere
1587 3187 2035 3250 vehiculorum
2057 3185 2634 3269 jumentorumque

456 3306 544 3350 ex
576 3288 751 3369 agris
780 3292 1148 3351 contracto.
1204 3285 1284 3349 Id
1309 3305 1431 3369 pro
1462 3293 1682 3350 cetera
1703 3286 2014 3350 socordia
2043 3285 2571 3367 negligentiaque
2594 3306 2637 3348 a

460 3390 827 3473 Campanis
876 3396 1166 3454 actum.··
1252 3388 1472 3453 Paulo
1515 3389 1672 3472 plus
1714 3387 2286 3472 quadringenta„
2327 3387 2638 3451 vehicula

462 3554 560 3661 ’.εἰ
594 3546 775 3597 Εαάεπι
793 3546 995 3608 incuria,
1013 3544 1257 3604 mjuoeen
1285 3545 1642 3607 negligentiam,
1663 3560 1754 3607 qua
1775 3544 1828 3595 in
1847 3544 2044 3608 reliquis
2063 3544 2200 3594 rebus
2219 3542 2294 3593 uti
2320 3542 2550 3607 Campani
2565 3560 2638 3593 ιο-

481 3627 499 3660 1
1948 3646 1956 3659 .

1360 3687 1723 3708 ‘omno

459 3774 655 3823 &Post
687 3777 906 3821 aalma·
938 3770 1073 3821 inter
1112 3770 1283 3821 unctio
1318 3770 1497 3833 major,
1526 3769 1893 3835 sequentiaque
1916 3768 2110 3831 periodi
2133 3767 2330 3816 initium
2353 3767 2480 3816 hoc:
2517 3769 2640 3818 Fue-

459 3844 618 3899 totque
650 3852 709 3899 ρο
772 3838 863 3897 las,
899 3838 981 3897 ξε.
1018 3836 1065 3884 Ε
1102 3835 1154 3885 d.
1194 3841 1317 3884 ante
1352 3835 1683 3885 creviam—6
1717 3835 1782 3883 In
1812 3835 2060 3897 propatulo
2097 3832 2232 3883 Edd.
2266 3841 2386 3882 aute
2410 3832 2640 3883 Gronov.

459 3899 591 3962 qnod
614 3908 667 3948 et
724 3908 777 3947 at
796 3899 995 3949 Stroth.

525 3968 555 4011 7
590 3964 757 4012 Voces
778 3964 829 4011 ia
858 3963 1031 4012 cantv-iu
1054 3960 1241 4011 absunt
1261 3960 1326 4012 ab
1349 3960 1483 4011 Edd.
1505 3968 1629 4011 ante
1651 3960 1977 4011 Groneia—8
2013 3960 2346 4023 Quadraginta
2365 3974 2395 4009 e
2418 3968 2525 4010 vet.
2549 3960 2638 4010 lib.

1438 4056 1652 4107 No'rAE

526 4160 552 4187 ¹
588 4154 915 4216 Consulesque,
944 4156 1028 4217 qui
1050 4156 1102 4204 in
1132 4154 1331 4205 Samnio
1350 4152 1512 4215 nant]
1594 4157 1727 4203 taret
1749 4150 1936 4200 Hanno
1955 4150 2204 4201 consules.

464 4228 647 4279 Refert
670 4228 737 4279 ad
756 4228 1053 4287 vitabundus,
1074 4231 1126 4281 id
1162 4238 1265 4287 est,
1298 4244 1417 4280 cum
1441 4228 1513 4278 vi·
1659 4234 1681 4270 1
1714 4227 1870 4277 Paulo
1909 4228 2020 4291 plus
2061 4223 2428 4291 quadringenta]
2481 4224 2643 4289 Cave,
