3159 4934
1104 434 1250 483 ιιι.
1297 432 1552 485 xxvix.
1599 433 1767 483 can.
1808 416 1919 483 42.
2424 418 2599 485 2371

412 582 696 667 quievit.
782 579 1153 657 Romanus,
1183 581 1256 647 in
1285 580 1496 647 aciem
1527 579 1746 664 copiis
1779 579 2065 660 eductis,
2096 588 2459 666 postquam
2490 602 2602 647 ne-

413 686 660 749 minem
691 683 882 766 signa
911 688 1142 749 contra
1169 684 1398 749 efferre
1430 682 1625 761 vidit,
1672 684 1894 766 spolia
1934 684 2067 767 legi
2098 704 2418 751 caesorum
2450 685 2607 750 hos-

415 787 608 863 tium,
651 793 722 851 et
765 806 1032 851 suorum
1085 807 1370 871 corpora
1417 788 1665 852 collata
1712 788 1784 851 in
1830 806 2033 851 unum
2074 789 2339 871 sepeliri
2379 787 2609 871 jussit.

419 889 584 955 Inde
611 891 1120 972 insequentibus
1151 890 1482 963 continuis
1513 889 1747 953 diebus
1772 888 2031 972 aliquot
2058 890 2155 953 ita
2180 890 2427 954 institit
2456 909 2607 973 por-

419 993 532 1069 tis,
563 1001 870 1076 ut.prope
901 993 1138 1059 inferre
1165 992 1354 1077 signa
1386 991 1750 1071 videretur3
1792 991 2007 1057 donec
2038 991 2385 1057 Hannibal
2414 993 2611 1057 tertia

418 1096 668 1179 vigilia,
713 1097 962 1161 crebris
1005 1096 1264 1176 ignibus
1307 1095 1914 1179 tabernaculisque,
1960 1114 2115 1179 quae
2157 1114 2314 1179 pars
2361 1102 2611 1160 castro·

417 1218 558 1263 rum
577 1205 606 1245 5
651 1197 738 1263 ad
779 1198 1006 1264 hostes
1037 1199 1372 1280 vergebat,
1410 1205 1478 1264 et
1507 1198 1829 1263 Numidis
1874 1199 2134 1282 paucis,
2166 1198 2282 1281 qui
2324 1198 2393 1262 in
2424 1198 2609 1263 vallo

417 1303 764 1385 portisque
796 1320 872 1367 se
901 1300 1354 1379 ostenderent,
1379 1302 1650 1381 relictis,
1674 1302 2019 1386 profectus
2041 1298 2363 1385 Apuliam
2388 1310 2610 1385 petere

419 1404 721 1469 intendit.
809 1403 950 1469 Ubi
1009 1403 1248 1481 illuxit,
1297 1406 1625 1471 successit
1662 1404 1843 1469 vallo
1898 1404 2213 1468 Romam
2262 1405 2487 1483 acies3
2546 1408 2615 1467 et

425 1504 746 1573 Numidae
779 1524 870 1571 ex
915 1506 1294 1589 composito
1327 1506 1670 1590 paulisper
1698 1506 1765 1569 in
1794 1506 2013 1589 portis
2041 1526 2117 1570 se
2157 1505 2473 1589 valloque
2500 1526 2611 1570 os-
2728 1502 2735 1507 ’

423 1618 786 1687 tentavere,
837 1608 1287 1694 frustratique,
1321 1608 1735 1693 aliquamdiu
1787 1607 2080 1685 hostes,⁹
2139 1608 2367 1673 citatis
2416 1609 2611 1692 equis

421 1730 656 1794 agmen
679 1729 950 1775 suorum
979 1716 1444 1795 assequuntur.
1530 1709 1819 1788 Consul,
1848 1710 1969 1775 ubi
2008 1710 2341 1775 silentium
2371 1710 2443 1773 in
2465 1700 2615 1774 cas·

423 1814 566 1890 tris,
597 1818 662 1877 et
690 1833 774 1879 ne
801 1832 1062 1897 paucos
1091 1797 1386 1898 quidem,
1411 1814 1530 1898 qui
1561 1812 1780 1897 prima
1815 1813 1969 1879 luce
2001 1810 2615 1891 obambulaverant,

423 1927 614 1999 parte
646 1916 784 1981 ulla
811 1917 1140 1994 cernebat,
1167 1915 1434 1982 duobus
1465 1917 1803 2000 equitibus
1832 1916 2257 2000 speculatum
2287 1917 2357 1980 in
2388 1924 2615 1981 castra

423 2019 813 2102 praemissis,
840 2026 1204 2104 postquam
1233 2021 1398 2085 satis
1427 2024 1574 2084 tuta
1604 2020 1826 2085 omnia
1854 2038 2009 2083 esse
2030 2018 2450 2101 exploratum
2482 2024 2617 2095 est,

425 2120 650 2185 inferri
676 2122 866 2203 signa
883 2123 1136 2206 jussit3
1168 2129 1565 2205 tantumque
1596 2120 1693 2183 ibi
1722 2126 2039 2198 moratus,
2076 2119 2503 2185 dum‘milites
2530 2120 2619 2183 ad

425 2221 724 2306 praedam
755 2223 1152 2301 discurrunt,
1181 2222 1482 2306 receptui
1513 2221 1759 2286 deinde
1790 2223 2057 2301 cecinit,
2092 2222 2437 2306 multoque
2468 2228 2621 2285 ante

425 2332 690 2390 noctem
713 2327 956 2408 copias
987 2320 1273 2391 reduxit.
1363 2324 1648 2390 Postero
1684 2325 1793 2389 die
1821 2327 2035 2408 prima
2072 2325 2227 2390 luce
2259 2324 2621 2409 profectus,

427 2426 690 2509 magnis
715 2426 1067 2491 itineribus
1105 2427 1353 2492 famam
1385 2432 1456 2491 et
1487 2425 1768 2510 vestigia
1800 2428 2079 2509 agminis
2110 2446 2411 2511 sequens,
2440 2424 2621 2491 haud

425 2531 660 2613 procul
701 2527 1010 2595 Venusia
1037 2528 1308 2593 hostem
1337 2530 1745 2613 assequitur.
1834 2530 1943 2594 Ibi
1970 2548 2238 2614 quoque
2268 2528 2624 2593 tumultua-

427 2633 528 2697 ria
567 2652 786 2716 pugna
827 2632 982 2696 fnit.
1072 2631 1296 2714 Supra
1333 2630 1471 2696 duo
1513 2632 1734 2695 millia
1763 2631 2127 2696 Poenorum
2160 2650 2364 2696 caesa.
2454 2629 2623 2694 Inde

431 2733 778 2797 nocturnis
809 2734 1280 2815 montanisque
1299 2732 1650 2798 itineribus
1674 2733 1953 2810 PoenuS,
1980 2751 2063 2797 ne
2084 2734 2300 2797 locum
2324 2750 2624 2815 pugnan-

429 2834 500 2899 di
527 2832 740 2912 daret,
777 2833 1242 2920 Metapontum
1273 2834 1494 2917 petiit.
1583 2834 1835 2899 Hanno
1868 2835 2020 2899 inde
2046 2835 2143 2919 (is
2174 2834 2351 2897 enim
2388 2834 2623 2916 praesi-

433 2936 548 3001 dio
575 2936 726 3018 ejus
757 2934 894 3001 loci
921 2934 1308 3020 praefuerat)
1345 2937 1416 2999 in
1461 2934 1761 3003 Bruttios
1800 2956 1953 3001 cum
1983 2936 2219 3021 paucis
2248 2936 2331 3000 ad
2361 2935 2625 3000 exerci-
2702 2920 2711 2929 ⁶

432 3044 572 3103 tum
601 3056 852 3103 novum
883 3039 1400 3122 comparandum
1443 3040 1720 3104 missus.
1811 3038 2181 3116 Hannibal,
2220 3040 2445 3122 copiis
2474 3038 2625 3123 ejus

433 3122 520 3206 ad
551 3158 710 3205 suas
738 3139 1025 3223 additis3
1057 3140 1436 3206 Venusiam
1468 3148 1669 3219 retro,
1696 3143 1941 3225 quibus
1962 3148 2234 3207 venerat
2254 3142 2623 3221 itineribus,

431 3247 700 3329 repetit,
746 3250 946 3327 atque
993 3243 1148 3307 inde
1199 3243 1566 3309 Canusium
1612 3244 1937 3329 procedit.
2026 3244 2387 3328 Nunquam
2432 3243 2621 3308 Nero

435 3347 734 3429 vestigiis
764 3346 984 3439 hostis
1024 3347 1409 3427 abstiterat3
1451 3352 1516 3411 et
1561 3344 1650 3425 Q.
1703 3346 2039 3425 Fulvium,
2080 3368 2230 3411 cum
2272 3346 2622 3431 Metapon-

437 3458 578 3514 tum
608 3450 754 3532 ipse
785 3450 1340 3532 proficisceretur,
1377 3451 1447 3514 iu
1477 3448 1812 3528 Lucanos,
1848 3470 1931 3515 ne
1960 3450 2141 3534 regio
2168 3470 2253 3515 ea
2282 3451 2422 3515 sine
2451 3469 2624 3534 prae-

437 3552 610 3617 sidio
639 3558 843 3631 esset,
875 3553 1292 3618 arcessierat.

1347 3682 1618 3707 ‘mo‘
1624 3682 1712 3707 ”O

438 3784 584 3863 prob.
620 3784 772 3834 Crev.
809 3783 892 3833 cui
927 3798 1028 3833 vox
1062 3782 1212 3833 viceor
1185 3797 1261 3833 res
1298 3785 1466 3835 otiosa
1505 3786 1797 3837 videbatur.
1861 3784 1926 3833 Τὸ
1963 3784 2093 3833 circu
2122 3782 2202 3833 dis
2208 3783 2433 3847 plicebat
2465 3786 2633 3837 Drak.

435 3851 512 3912 inq
517 3864 582 3898 ue
628 3851 714 3911 plu
719 3862 802 3898 res
839 3849 996 3900 etiarn
1037 3848 1380 3899 Romanorum
1418 3852 1673 3902 cecidisse
1712 3850 1977 3901 credebat.
2044 3848 2235 3911 Inepta
2274 3857 2328 3899 ct
2374 3859 2507 3913 partu
2494 3852 2631 3900 icnla

437 3916 566 3964 circa
609 3928 708 3977 qna
681 3922 793 3964 arto
849 3928 938 3963 can
941 3913 990 3963 ni
1033 3914 1242 3977 juncta,
1281 3921 1337 3966 et
1381 3930 1486 3966 vox
1531 3916 1628 3965 viee
1632 3931 1755 3976 o‚m
1798 3929 1859 3963 ac
1912 3913 1967 3963 so
1972 3920 2051 3960 ret
2096 3915 2195 3975 leg.
2244 3915 2306 3963 Cr·
2306 3918 2455 3964 reiter-
2494 3915 2631 3977 quin·

433 3984 603 4092 ‘⁶:⁸⁰⁸
620 3978 726 4090 'gt‘
763 3993 807 4028 s.
855 3978 973 4029 victi
1018 3980 1302 4044 ceciderunt,
1352 3980 1404 4030 h.
1427 3994 1492 4032 e.
1533 3977 1877 4032 occiderunt.’
1932 3977 2167 4041 Dect-ing.
2170 3983 2267 4029 —9
2300 3982 2423 4029 Pur.
2452 3980 2535 4029 lm
2536 3981 2632 4037 tio,-

435 4058 496 4095 ce
523 4056 598 4091 ern
679 4056 706 4091 s
727 4057 794 4092 es.

1425 4142 1472 4193 N
1481 4140 1638 4191 01·AE

503 4246 526 4283 r
561 4238 685 4295 Qua
709 4188 1124 4301 peracutum]
1159 4238 1372 4289 Dixerit
1400 4240 1494 4289 ali·
1575 4241 1797 4305 gebant,
1846 4241 1929 4290 vel
1962 4248 2108 4291 certe
2137 4252 2245 4341 „qua
2278 4250 2395 4302 par·
2434 4246 2629 4289 cantro-

438 4332 521 4383 ·,¹⁸
550 4330 648 4383 qua
683 4322 832 4380 parte
865 4321 1037 4367 castra
1070 4312 1134 4365 ad
1169 4315 1344 4367 hostes
1380 4332 1492 4368 ver·
1575 4326 1709 4381 rum,
1726 4320 1825 4367 &c-
