3159 4934
2533 237 2624 349 s

1196 452 1337 499 ms.
1387 452 1614 501 xxvr.
1664 454 1828 502 cAr.
1871 439 1936 501 4.
2469 408 2641 503 2171

454 598 851 678 gassentque
898 594 1141 661 Patres
1185 616 1224 660 e
1276 614 1343 660 re
1395 598 1673 680 publica
1722 618 1900 676 esse,
1949 598 2233 663 abscedi
2281 616 2322 661 a
2373 595 2640 680 Capua3

455 705 813 780 postquam
836 704 856 743 ³
903 696 1047 762 dies
1080 698 1497 763 comitiorum
1528 700 1784 777 aderat,
1818 700 1941 765 Cn.
1989 700 2265 764 Fulvius
2298 700 2642 765 exulatum

455 797 859 880 Tarquinios
890 800 1078 864 abiit.
1171 800 1253 865 Id
1280 801 1341 865 ei
1362 801 1620 886 justum
1648 803 1925 868 exilium
1957 822 2131 879 esse,
2155 801 2356 865 scivit
2385 801 2599 885 plebs.
2628 851 2637 862 .

540 901 604 963 4.
652 900 838 965 Inter
863 901 1013 969 haec
1036 902 1142 987 yis
1166 904 1382 967 omnis
1409 904 1564 968 belli
1597 923 1790 969 versa
1820 906 1888 968 in
1918 904 2225 986 Capuam
2252 911 2416 967 erat.
2468 953 2476 961 .
2506 901 2648 967 Ob-

460 1002 800 1067 sidebatur
830 1010 1053 1068 tamen
1082 1006 1330 1080 acrius,
1380 1024 1581 1088 quam
1613 1006 2167 1088 oppugnabatur:
2213 1022 2339 1067 nec
2385 1008 2500 1068 aut
2550 1006 2648 1069 fa·

459 1122 637 1167 mem
668 1105 947 1169 tolerare
971 1104 1241 1169 servitia
1270 1124 1353 1170 ac
1384 1107 1577 1189 plebs
1605 1112 1933 1189 poterant,
1959 1113 2075 1170 aut
2097 1106 2353 1170 mittere
2380 1106 2649 1170 nuntios

462 1203 550 1268 ad
601 1203 1059 1269 Hannibalem
1104 1225 1225 1288 per
1269 1208 1612 1273 custodias
1659 1212 1794 1273 tam
1853 1215 2093 1273 arctas.
2183 1206 2505 1270 Inventus
2548 1212 2654 1271 est

465 1303 813 1382 Numida,⁴
859 1309 999 1389 qui,
1032 1308 1329 1390 acceptis
1380 1309 1618 1388 literis,
1665 1328 2020 1374 evasurum
2067 1328 2142 1372 se
2183 1307 2548 1392 professus,
2581 1316 2655 1372 ut

463 1405 865 1487 promissum
924 1416 1299 1491 praestaret,
1360 1428 1477 1493 per
1532 1410 1752 1475 media
1809 1409 2127 1473 Romana
2185 1414 2406 1473 castra
2455 1415 2652 1473 nocte

463 1526 791 1588 egressuS,
824 1527 1007 1590 spem
1039 1508 1344 1573 accendit
1374 1508 1762 1593 Campanis,
1795 1510 1956 1575 dum
1990 1510 2246 1592 aliquid
2272 1511 2510 1575 virium
2542 1530 2654 1577 su-

464 1615 785 1691 peresset,
819 1610 905 1673 ab
940 1609 1115 1673 omni
1161 1616 1351 1691 parte
1390 1612 1796 1692 eruptionem
1829 1611 2153 1674 tentandi.
2242 1609 2553 1676 Ceterum
2582 1614 2650 1675 in

464 1709 691 1771 multis
714 1711 1189 1775 certaminibus
1220 1713 1563 1792 equestria
1594 1711 1832 1795 proelia
1857 1710 2064 1775 ferme
2095 1730 2420 1795 prospera
2449 1712 2652 1787 facie-

468 1810 677 1873 bante
718 1810 983 1893 pedites
1003 1818 1027 1857 ⁵
1059 1810 1590 1895 superabantur.·'
1659 1811 1791 1876 Sed
1821 1831 2239 1895 nequaquam
2269 1818 2402 1877 tam
2428 1813 2658 1879 laetum

468 1910 757 1985 vincere,
773 1931 970 1995 qnam
1002 1915 1191 1978 triste
1215 1915 1393 1979 vinci
1418 1914 1555 1979 nlla
1577 1922 1766 1998 parte
1783 1923 1925 1978 erat
1953 1916 2038 1979 ab
2060 1916 2342 1979 obsesso
2363 1921 2428 1979 et
2449 1934 2662 1998 prope

470 2023 853 2095 expugnato
882 2014 1093 2079 hoste.
1180 2014 1359 2080 Inita
1388 2016 1650 2081 tandem
1675 2015 1851 2079 ratio
1881 2019 2040 2093 est,⁰
2065 2026 2164 2092 ut,
2199 2014 2384 2099 quod
2409 2016 2663 2079 viribus

474 2112 729 2192 deerat,
760 2122 903 2178 arte
933 2122 1333 2199 aequaretur.
1398 2115 1508 2179 Ex
1540 2116 1852 2179 omnibus
1873 2116 2250 2197 legionibus
2282 2117 2479 2181 electi
2509 2126 2668 2183 sunt

464 2213 771 2297 juvenes,
817 2216 1103 2279 maxime
1131 2216 1358 2298 vigore
1388 2235 1469 2280 ac
1495 2217 1769 2280 levitate
1809 2235 2166 2298 corporum
2215 2216 2523 2281 veloces:
2569 2219 2668 2282 eis

475 2316 1121 2396 parmae-breviores,
1162 2337 1363 2400 quam
1406 2320 1778 2401 equestres,
1817 2322 1884 2380 et
1929 2325 2212 2400 septena
2245 2317 2480 2399 jacula
2510 2339 2668 2402 qua—

480 2419 699 2479 ternos
728 2415 927 2498 longa
952 2417 1162 2501 pedes
1196 2418 1377 2496 data,
1409 2418 1696 2501 praefixa
1728 2420 1924 2490 ferro,
1969 2418 2162 2501 quale
2189 2417 2404 2483 hastis
2434 2418 2673 2484 velita-

482 2515 669 2580 ribus
689 2524 717 2565 Ρ
756 2518 955 2582 inest.
1070 2517 1215 2582 Eos
1274 2518 1571 2601 singulos
1644 2518 1715 2582 in
1763 2538 1980 2603 equos
2039 2538 2202 2583 snos
2259 2519 2671 2601 accipientes

482 2617 753 2700 equites
796 2619 1317 2696 assuefeceram,
1366 2626 1437 2683 et
1462 2618 1615 2684 vehi
1646 2626 1810 2702 post
1835 2638 2008 2696 sese,
2055 2626 2122 2682 et
2153 2619 2418 2684 desilire
2458 2621 2672 2701 perni-

483 2719 668 2795 citer,
732 2720 849 2783 ubi
902 2721 1160 2801 signum
1207 2718 1431 2783 datum
1488 2728 1690 2782 esset.
1801 2718 2182 2801 Postquam
2243 2719 2674 2783 assuetudine

485 2820 878 2901 quotidiana
926 2823 1095 2884 satis
1133 2818 1462 2901 intrepide
1494 2818 1712 2881 visum
1739 2822 1842 2881 est
1873 2818 2041 2894 fieri,
2083 2817 2152 2879 in
2193 2835 2530 2899 campum,
2559 2820 2678 2901 qui

483 2918 747 2983 medius
798 2921 963 2984 inter
1014 2926 1243 2983 castra
1284 2935 1682 2999 murumque
1726 2924 1891 2995 erat,
1941 2916 2266 2983 adversus
2317 2917 2677 2983 instructos

487 3017 982 3101 Campanorum
1010 3020 1275 3102 equites
1303 3024 1812 3101 processerunt3
1859 3024 1945 3095 et,
1979 3018 2092 3082 ubi
2124 3016 2208 3081 ad
2227 3016 2255 3057 ⁶
2299 3020 2679 3103 conjectum

488 3122 602 3186 teli
633 3129 893 3187 ventum
922 3132 1047 3202 est,
1076 3123 1263 3205 signo
1290 3122 1451 3187 dato
1486 3122 1729 3186 velites
1758 3121 2096 3187 desiliunt.
2159 3122 2500 3187 Pedestris
2523 3121 2678 3188 inde

556 3269 574 3303 ¹
600 3270 825 3321 Pedem-i
841 3274 1098 3323 cernui-e
1123 3272 1357 3335 Campani
1374 3270 1686 3321 vincebantur
1704 3285 1735 3319 a
1758 3270 2004 3320 Βωηαιιίε.

488 3478 679 3528 omisso
698 3480 868 3529 ina-8
901 3480 1009 3530 Pro
1028 3487 1273 3544 postquem
1292 3482 1343 3529 in
1366 3480 1531 3531 Editt.
1554 3478 1861 3544 quibusdam
1877 3478 2168 3541 priusquam.

558 3548 591 3591 4
628 3542 709 3591 ΑΙ.
728 3544 961 3593 Inventus
978 3551 1049 3593 est
1070 3545 1257 3593 tandem
1277 3544 1469 3607 quidam
1491 3544 1720 3594 Numida.
1799 3543 1931 3591 Pau.
1953 3552 2009 3591 et
2032 3542 2174 3590 Voss.
2193 3541 2414 3589 incentu
2434 3545 2505 3589 est
2526 3545 2684 3589 autem

495 3606 707 3655 Numida
726 3608 950 3669 quidm3
972 3610 1126 3657 etiam
1151 3608 1273 3657 Vct.
1299 3609 1387 3659 lib.
1410 3608 1547 3671 apud
1572 3609 1744 3673 Sigon.
1769 3608 1985 3657 Numida
2007 3605 2306 3668 quidam—5
2342 3604 2356 3631 ⁸
2382 3605 2486 3653 Pro
2505 3605 2688 3667 pedite·

494 3680 691 3733 prater
711 3672 1075 3722 necessitatem
1099 3672 1152 3723 J.
1175 3673 1233 3723 F.
1255 3673 1415 3723 Gron.
1444 3678 1618 3722 tentat
1650 3672 1846 3736 pedite?
1895 3670 2247 3733 ἱππίας-6
2280 3668 2501 3719 Quidam
2535 3669 2690 3719 codd.

1484 3786 1701 3837 No'rAE

562 3885 587 3911 ⁰
618 3878 752 3929 Inita
765 3882 953 3931 tandem
968 3883 1099 3931 ratio
1112 3880 1210 3945 eat]
1242 3880 1292 3931 A
1310 3880 1551 3931 Romanis
1633 3888 1752 3929 ωτι
1775 3868 1891 3929 alim
1914 3876 2172 3940 graviores
2187 3876 2558 3940 longioresque,
2573 3891 2687 3941 qun

498 3952 715 4003 inventa
742 3956 826 4004 via
846 3971 948 4020 qun
989 3958 1216 4022 equestri
1251 3956 1431 4021 prelio
1468 3970 1551 4005 su·
1633 3970 1788 4005 manu
1809 3954 1942 4003 haud
1967 3951 2327 4013 mittebantur,
2345 3950 2437 4001 sed
2460 3952 2688 4002 eominus

502 4028 733 4091 periotes
748 4028 951 4081 fierent.
1637 4030 1972 4079 vibrabantur
1987 4027 2052 4077 ad
2073 4028 2228 4077 ictum
2253 4028 2444 4089 oaepius
2465 4026 2692 4076 inferen-

567 4112 597 4147 Ρ
624 4106 801 4157 Hostis
818 4110 1113 4175 velitaribus]
1145 4111 1271 4161 Tria
1292 4108 1454 4159 ferme
1472 4122 1555 4173 ge-
1635 4106 1778 4169 dum,
1812 4104 1978 4171 qualis
2014 4117 2150 4153 nunc
2186 4102 2324 4165 apud
2362 4115 2452 4149 nos
2482 4103 2534 4149 in
2557 4116 2652 4151 uon
2673 4118 2690 4151 ε

504 4182 933 4235 nera'bautarums
959 4186 1073 4236 alie
1094 4187 1351 4246 velitares,
1369 4198 1457 4234 seu
1473 4184 1555 4247 ja·
1637 4182 1844 4231 tertium
1897 4192 2057 4243 genus
2095 4184 2212 4227 erat
2257 4176 2530 4240 majorum,
2571 4192 2687 4241 quae

504 4258 905 4324 eut-toriqquae
914 4276 1065 4312 mauu
1083 4262 1279 4312 euxinus
1292 4260 1555 4325 jacit-ban·
1635 4258 1880 4309 machiuis
1903 4253 2291 4305 emittebantur.
