3159 4934
545 401 720 469 2318
1477 420 1546 467 τ.
1596 418 1783 503 μνη

547 565 782 655 copias
834 560 1276 629 adducendas.
1395 563 1651 629 Iisdem
1697 563 1933 631 deinde
1984 565 2227 631 castris
2268 564 2735 647 tendebant,⁶¹¹

551 665 762 731 donec
795 664 1080 729 ducibus
1109 665 1194 729 iis
1225 665 1313 729 ad
1339 664 1605 731 hostem
1634 674 2027 751 perventum
2061 674 2185 732 est.
2736 690 2745 707 ·

629 766 736 832 18.
781 767 1146 832 Proximus
1187 766 1838 852 Carthaginiensium
1888 772 2223 835 exercitus
2274 770 2735 837 Hasdrubalis

543 890 756 956 prope
795 872 1030 935 urbem
1071 870 1468 937 Baeculam⁷
1491 880 1711 937 ’‘erat.
1796 872 1937 937 Pro
1988 873 2231 938 castris
2262 874 2559 957 equitum
2598 882 2737 963 sta-j

543 973 762 1039 tiones
789 973 1100 1039 habebat.
1190 974 1273 1039 In
1305 993 1422 1039 eas
1450 976 1691 1040 velites
1716 977 2269 1061 antesignanique
2294 978 2505 1061 etqui
2537 976 2735 1059 primi

545 1076 836 1157 ag'minis
867 1084 1076 1155 erant,
1105 1075 1538 1142 advenientes
1569 1096 1662 1141 ex
1708 1078 1963 1156 itinere,
2014 1080 2199 1163 prius
2242 1080 2445 1163 quiam
2490 1078 2732 1143 castris

543 1177 764 1242 locum
797 1186 1134 1263 caperent,
1149 1179 1317 1244 adeo
1345 1182 1720 1245 contemtim
1743 1181 2064 1265 impetum
2096 1180 2506 1259 fecerunt,nt
2532 1181 2732 1247 facile

543 1289 912 1364 appareret,
947 1282 1112 1364 qnid
1157 1281 1423 1366 utrique
1453 1282 1634 1366 parti
1677 1284 2051 1349 animorum
2082 1292 2288 1349 esset.
2377 1284 2460 1349 In
2507 1292 2733 1348 castra

545 1382 806 1466 trepida
822 1382 981 1465 fuga
1003 1384 1334 1469 compulsi
1353 1387 1613 1469 equites
1638 1394 1817 1464 sunt,
1844 1388 2165 1471 signaque
2190 1388 2499 1451 Romana
2520 1386 2733 1471 portis

541 1502 748 1568 prope
783 1484 949 1567 ipsis
975 1486 1186 1551 illata.
1273 1484 1502 1572 Atque
1529 1488 1655 1552 illo
1684 1488 1951 1573 quidem
1986 1489 2119 1567 die,
2165 1491 2436 1553 irritatis
2470 1497 2732 1553 tantum

545 1586 630 1649 ad
679 1594 1004 1652 certamen
1061 1590 1324 1667 animis,
1385 1598 1614 1655 castra
1672 1589 1971 1655 Romani
2029 1606 2417 1674 posuerunt.
2504 1590 2733 1657 Nocte

439 1766 446 1781 Ι
546 1688 938 1755 Hasdrubal
985 1693 1059 1755 in
1107 1692 1434 1757 tumulum
1492 1692 1735 1777 copias
1780 1692 2067 1778 recipit‚⁸
2112 1695 2315 1781 plano
2360 1713 2604 1777 campo
2662 1693 2735 1757 in

1450 1858 1480 1879 Ο
1726 1856 1817 1878 ”0

608 1960 639 2007 7
671 1956 769 2007 ‘ln
809 1958 984 2008 multis
1017 1959 1145 2008 Μαι.
1187 1958 1446 2009 Beatam!
1481 1959 1798 2023 &pern—8
1844 1958 1909 2008 In
1946 1958 2081 2009 Edd.
2111 1964 2237 2009 ante
2278 1959 2734 2037 Gran-*recepia—

1523 2138 1740 2191 1401·AE

609 2242 634 2268 ¹
667 2236 843 2286 Iisdem
863 2236 1032 2287 deinde
1047 2238 1100 2287 ia
1129 2240 1300 2289 eastris
1321 2238 1599 2302 tendebant]

543 2312 704 2362 Gron·
727 2328 794 2361 ex
817 2312 942 2363 Pnt.
965 2314 1051 2363 cni
1072 2322 1322 2363 consonat
1355 2315 1502 2365 colb.
1525 2314 1619 2365 Iis·

541 2388 716 2439 eastris
736 2389 986 2440 tenebunt.-
1020 2391 1156 2454 quod
1191 2389 1376 2439 fulcire
1413 2390 1601 2441 nititur

545 2464 877 2523 auctoritate,
935 2470 1043 2513 tum
1101 2464 1261 2529 ipsius
1318 2466 1452 2515 Livii
1505 2466 1599 2515 lib.

543 2553 761 2590 xxvm.
795 2536 904 2602 ubi,
929 2540 945 2567 ⁸
967 2540 1120 2590 Loeva
1163 2541 1478 2606 Celtiberos,
1509 2554 1601 2591 no·

546 2630 664 2665 vum
689 2616 992 2673 exercitum,
1030 2631 1190 2681 snpra
1221 2631 1406 2669 novem
1439 2618 1603 2669 millia

541 2691 802 2743 bominum
834 2709 851 2752 ς
885 2690 1074 2743 dextra
1117 2692 1320 2745 Punica
1369 2694 1602 2746 tenere?

543 2766 637 2817 sed
683 2766 755 2820 ibi
798 2774 962 2819 tenere
1016 2767 1246 2821 refertur
1278 2768 1343 2820 ad
1377 2771 1509 2820 laeva
1549 2776 1604 2821 et

544 2844 752 2906 dextra,
781 2846 1020 2897 nimirum
1041 2846 1173 2897 locs.
1238 2845 1405 2897 Addit
1431 2846 1605 2898 valer.

546 2923 789 2973 Flaccum
824 2937 892 2972 ex
911 2924 1109 2987 scripto
1131 2923 1436 2980 Osoniensi‚
1461 2922 1601 2989 apud

547 3014 720 3065 quen»,
741 2998 758 3028 ⁴
771 3000 894 3049 hinc
912 2999 1044 3049 lavo
1063 3000 1308 3050 Telamon
1327 3000 1514 3064 pelago
1529 3006 1603 3051 te-

545 3075 669 3124 net-⁹
731 3076 834 3124 Sed
873 3076 944 3125 ibi
990 3075 1145 3139 vulgo
1188 3076 1398 3140 legitur.
1433 3080 1604 3127 mnas

539 3156 742 3219 pelagas
773 3160 922 3205 tenet.
987 3154 1170 3205 Malim
1207 3154 1388 3219 itaque
1421 3170 1489 3203 ex
1521 3169 1603 3204 re·

525 3242 702 3303 ‚cepta
750 3232 914 3298 magis
949 3232 1212 3295 scriptura
1243 3232 1511 3297 tendebant,
1549 3232 1605 3282 id

545 3316 659 3380 est,x
683 3307 978 3372 conjunctis
1011 3321 1127 3357 curn
1153 3307 1398 3371 Scipione
1422 3298 1607 3372 copiis,

545 3400 666 3437 cuns
709 3399 774 3437 eo
816 3394 990 3435 castra
1027 3383 1378 3447 metabantur,
1413 3385 1605 3435 sivein

547 3464 710 3526 ipsius
723 3462 915 3513 castris
927 3462 1153 3511 tentoria
1173 3461 1455 3512 habebant.

613 3546 638 3573 ¹
672 3540 832 3603 Prope
855 3538 1021 3589 urbem
1041 3536 1311 3601 Resculum]
1343 3538 1607 3587 Memora·

548 3623 634 3669 tur
655 3618 752 3668 hoc
772 3618 1019 3682 oppidum
1037 3616 1377 3681 Polybio,qui
1395 3615 1607 3667 Βαίκυλα

547 3698 600 3746 in
626 3695 806 3758 plurali
832 3707 1045 3744 numero
1071 3700 1241 3742 voest.
1286 3692 1605 3745 Ptolemaeus

551 3772 861 3822 Authetsnis
876 3772 987 3821 sive
1006 3770 1288 3837 Ausetanis
1313 3770 1516 3822 tribuit.
1539 3772 1605 3822 In

549 3848 684 3911 Reg.
707 3846 959 3911 editisque
985 3847 1214 3910 pluribus
1235 3846 1482 3898 scribitur
1504 3848 1606 3900 Be-

546 3926 666 3985 tnlu,
687 3926 738 3973 in
757 3924 906 3975 colb.
930 3923 1126 3973 Besula.
1191 3922 1344 3973 Unde
1367 3924 1420 3973 in
1437 3926 1605 3989 suspi-

548 4002 749 4052 cionem
783 4000 934 4049 venio
955 4014 1066 4049 eam
1104 4000 1283 4051 urbem
1306 4000 1468 4052 fuisse
1489 4019 1604 4069 quoe

547 4086 687 4127 nnnc
719 4078 897 4127 Remis
919 4078 971 4125 in
996 4076 1282 4126 Cstalonioe
1305 4084 1474 4130 tractu
1499 4096 1605 4129 em-

549 4156 807 4219 por-itanc.
857 4150 1024 4203 Favet
1057 4152 1402 4204 Hasdrubalis
1435 4157 1606 4206 consi-

549 4234 674 4285 lium
701 4230 766 4281 de
789 4230 1012 4281 transitu
1037 4228 1090 4279 in
1125 4228 1346 4280 Galliam
1371 4232 1605 4297 cogitan-

550 4312 638 4370 tis,
679 4306 816 4374 apud
851 4308 1100 4359 Nostrum
1155 4312 1210 4357 et
1251 4304 1436 4373 Polyb.
1499 4308 1605 4383 Sed

1675 2220 1939 2301 negotium
1985 2236 2202 2287 facessit
2236 2236 2372 2303 quod
2408 2236 2543 2285 idem
2579 2234 2735 2301 Poly-

1672 2311 1788 2362 bius
1806 2312 2075 2365 Castulonl
2106 2312 2327 2361 vicinum
2352 2310 2479 2360 facit
2500 2311 2639 2361 bnne
2662 2312 2735 2360 lo-

1674 2404 1813 2445 cum.
1850 2392 2079 2451 sive,-ut
2115 2391 2236 2453 lpse
2267 2390 2513 2447 nominat,
2540 2380 2737 2437 tach-

1674 2468 1791 2514 λῦνι
1806 2480 1821 2514 2
1839 2473 1894 2516 et
1914 2465 2107 2516 Noster
2126 2481 2246 2515 mox
2272 2477 2387 2530 cap:
2408 2469 2490 2516 20.
2513 2473 2738 2516 testatur

1675 2542 1857 2604 paneis
1896 2548 2015 2605 post
2040 2541 2272 2605 praelium
2306 2539 2501 2591 factum
2524 2542 2588 2591 ad
2614 2542 2735 2591 Be·

1676 2618 1845 2666 culam
1868 2617 2075 2680 diebus,
2112 2618 2433 2681 Scipionem,
2460 2632 2577 2668 cum
2600 2617 2737 2668 redi·

1678 2698 1763 2741 ret
1796 2693 2161 2749 Tarraconem,
2198 2695 2335 2743 saltu
2370 2692 2739 2746 Castulonensi

1677 2771 2001 2821 excessisse:
2038 2767 2174 2819 unde
2204 2770 2348 2834 sequi
2384 2770 2593 2820 videtur
2614 2770 2738 2821 Bu·

1678 2847 1847 2897 culam
1866 2860 1971 2897 uon
1990 2847 2044 2897 in
2081 2846 2378 2909 Ausetanis,
2406 2846 2572 2897 sedin
2603 2847 2738 2898 Ore-

1678 2926 1831 2982 tanis,
1872 2932 2017 2974 certe
2055 2924 2231 2987 procul
2272 2924 2337 2974 ab
2373 2922 2649 2975 Ausetanis
2681 2931 2735 2974 et

1678 3000 1979 3051 Tarracone
2002 2997 2182 3049 fuisse.
2252 2998 2473 3049 Accedit
2496 2998 2631 3065 quod
2666 3000 2739 3049 in-

1681 3076 1775 3127 itio
1807 3089 1929 3140 cap.
1954 3080 2037 3125 19.
2060 3075 2253 3126 dieitur
2270 3076 2586 3139 Hasdrubal,
2600 3090 2744 3127 com·

1681 3154 1840 3204 misso
1870 3151 1937 3203 ad
1982 3152 2247 3204 Boeculam
2301 3154 2497 3217 praelio,
2541 3162 2738 3218 preter

1680 3230 1903 3295 Tagum,
1941 3229 2030 3295 qui
2064 3230 2117 3277 in
2140 3229 2517 3279 Celtiberorum
2548 3228 2737 3280 finibus

1682 3309 1872 3370 oritur,
1896 3319 1991 3370 per
2013 3306 2334 3367 Carpetanos
2352 3304 2502 3369 longe
2520 3305 2587 3354 ab
2609 3304 2739 3354 Tar·

1682 3399 1877 3435 racone
1898 3383 2105 3433 dissitos
2127 3378 2262 3433 fluit.
2322 3382 2501 3431 Simile
2531 3383 2640 3433 veri
2664 3382 2737 3432 vi-

1683 3458 1843 3511 detur
1862 3460 2101 3525 prolium
2127 3461 2179 3508 in
2211 3460 2621 3510 castellanorum
2658 3474 2742 3511 re-

1682 3539 1855 3602 gione,
1892 3537 1977 3587 cul
2018 3536 2177 3587 vicini
2200 3537 2471 3600 Ausetani,
2502 3540 2741 3588 commia-

1681 3628 1793 3664 snm
1848 3612 2042 3674 fuiss03
2090 3627 2189 3662 nec
2224 3612 2603 3677 Castulonensi,
2646 3616 2761 3664 sed·

1682 3688 2065 3740 Castellanensi
2102 3688 2231 3738 saltn
2266 3688 2562 3751 Scipionem
2604 3690 2747 3738 redi·‘

1682 3766 1781 3818 isse
1797 3766 2148 3817 Tarraconem
2163 3782 2179 3827 ς
2198 3765 2575 3816 Hasdrubalem
2598 3780 2744 3831 vero,

1682 3846 1767 3910 qni
1802 3845 1953 3909 panio
1971 3852 2091 3893 ante
2115 3846 2281 3893 victus
2318 3841 2603 3893 secundum
2640 3843 2741 3893 Te-

1681 3936 1796 3971 cum
1839 3936 1930 3971 sen
1978 3921 2177 3971 Ticbim
2213 3916 2445 3981 fluvium,
2486 3918 2663 3985 (hodie
2694 3924 2741 3972 le

1687 3997 1853 4063 Teeh)
1872 4000 1958 4063 qni
1990 4013 2053 4047 eo
2084 4005 2255 4047 tractu
2272 3996 2455 4059 oritur,
2475 3997 2540 4046 ad
2572 3998 2741 4063 Pyve.

1681 4090 1853 4126 neum
1893 4075 2266 4126 contenderet:
2323 4076 2521 4125 Livium
2564 4086 2737 4126 sutem

1683 4154 1927 4219 exemplo
1950 4152 2155 4217 Polybii
2183 4167 2278 4217 pro
2306 4151 2513 4203 fluviolo
2532 4154 2739 4205 minoris

1682 4232 1903 4281 nominis
1924 4230 2083 4291 Teco,
2098 4228 2189 4295 (nt
2219 4244 2250 4280 s
2278 4227 2457 4280 Plinio
2478 4229 2737 4296 mestun)

1684 4308 1885 4375 Tagum
1900 4304 2181 4373 subjecisse
2195 4306 2515 4359 notissimum
2534 4304 2741 4358 flumen.
