<?xml version="1.0" encoding="UTF-8"?>
<!DOCTYPE html PUBLIC "-//W3C//DTD XHTML 1.0 Transitional//EN"
    "http://www.w3.org/TR/xhtml1/DTD/xhtml1-transitional.dtd">
<html xmlns="http://www.w3.org/1999/xhtml" xml:lang="en" lang="en">
 <head>
  <title>
</title>
<meta http-equiv="Content-Type" content="text/html;charset=utf-8" />
  <meta name='ocr-system' content='tesseract 3.04.00' />
  <meta name='ocr-capabilities' content='ocr_page ocr_carea ocr_par ocr_line ocrx_word'/>
</head>
<body>
  <div class='ocr_page' id='page_1' title='image "./tliviipatavinih28unkngoog_0195.png"; bbox 0 0 3159 4934; ppageno 0'>
   <div class='ocr_carea' id='block_1_1' title="bbox 1180 414 2648 484">
    <p class='ocr_par' dir='ltr' id='par_1_1' title="bbox 1180 414 2648 484">
     <span class='ocr_line' id='line_1_1' title="bbox 1180 414 2648 484; baseline 0.005 -7"><span class='ocrx_word' id='word_1_1' title='bbox 1180 428 1331 477; x_wconf 78' lang='lat' dir='ltr'><strong>me.</strong></span> <span class='ocrx_word' id='word_1_2' title='bbox 1376 426 1601 479; x_wconf 74' lang='lat' dir='ltr'><strong>xxiv.</strong></span> <span class='ocrx_word' id='word_1_3' title='bbox 1646 426 1809 479; x_wconf 74' lang='lat' dir='ltr'><strong>cAr.</strong></span> <span class='ocrx_word' id='word_1_4' title='bbox 1852 414 1961 481; x_wconf 83' lang='lat'><strong>45.</strong></span> <span class='ocrx_word' id='word_1_5' title='bbox 2476 417 2648 484; x_wconf 77' lang='lat'><strong>206⁷</strong></span> 
     </span>
    </p>
   </div>
   <div class='ocr_carea' id='block_1_2' title="bbox 455 566 2715 2883">
    <p class='ocr_par' dir='ltr' id='par_1_2' title="bbox 455 566 2715 2883">
     <span class='ocr_line' id='line_1_2' title="bbox 457 566 2644 656; baseline 0.003 -21"><span class='ocrx_word' id='word_1_6' title='bbox 457 570 616 656; x_wconf 82' lang='lat' dir='ltr'><strong>quis</strong></span> <span class='ocrx_word' id='word_1_7' title='bbox 640 566 1014 653; x_wconf 75' lang='lat' dir='ltr'><strong>resipiscat,</strong></span> <span class='ocrx_word' id='word_1_8' title='bbox 1044 575 1115 635; x_wconf 86' lang='lat' dir='ltr'><strong>et</strong></span> <span class='ocrx_word' id='word_1_9' title='bbox 1143 570 1491 655; x_wconf 83' lang='lat' dir='ltr'><strong>antiquam</strong></span> <span class='ocrx_word' id='word_1_10' title='bbox 1521 571 1912 638; x_wconf 85' lang='lat' dir='ltr'><strong>societatem</strong></span> <span class='ocrx_word' id='word_1_11' title='bbox 1938 571 2281 656; x_wconf 76' lang='lat' dir='ltr'><strong>respiciat.</strong></span> <span class='ocrx_word' id='word_1_12' title='bbox 2344 571 2552 651; x_wconf 82' lang='lat' dir='ltr'><strong>Quod</strong></span> <span class='ocrx_word' id='word_1_13' title='bbox 2582 576 2644 642; x_wconf 90' lang='lat' dir='ltr'><strong>si</strong></span> 
     </span>
     <span class='ocr_line' id='line_1_3' title="bbox 463 668 2648 757; baseline 0.002 -21"><span class='ocrx_word' id='word_1_14' title='bbox 463 670 646 736; x_wconf 85' lang='lat' dir='ltr'><strong>abire</strong></span> <span class='ocrx_word' id='word_1_15' title='bbox 671 672 760 735; x_wconf 84' lang='lat' dir='ltr'><strong>ab</strong></span> <span class='ocrx_word' id='word_1_16' title='bbox 789 668 1123 735; x_wconf 86' lang='lat' dir='ltr'><strong>Romanis</strong></span> <span class='ocrx_word' id='word_1_17' title='bbox 1166 670 1392 749; x_wconf 87' lang='lat' dir='ltr'><strong>liceat,</strong></span> <span class='ocrx_word' id='word_1_18' title='bbox 1431 672 1645 737; x_wconf 88' lang='lat' dir='ltr'><strong>redire</strong></span> <span class='ocrx_word' id='word_1_19' title='bbox 1672 673 1759 738; x_wconf 87' lang='lat' dir='ltr'><strong>ad</strong></span> <span class='ocrx_word' id='word_1_20' title='bbox 1788 692 1905 739; x_wconf 89' lang='lat' dir='ltr'><strong>eos</strong></span> <span class='ocrx_word' id='word_1_21' title='bbox 1932 692 2067 738; x_wconf 87' lang='lat' dir='ltr'><strong>non</strong></span> <span class='ocrx_word' id='word_1_22' title='bbox 2095 675 2341 757; x_wconf 80' lang='lat' dir='ltr'><strong>liceat3</strong></span> <span class='ocrx_word' id='word_1_23' title='bbox 2385 675 2496 739; x_wconf 91' lang='lat' dir='ltr'><strong>cui</strong></span> <span class='ocrx_word' id='word_1_24' title='bbox 2522 677 2648 741; x_wconf 87' lang='lat' dir='ltr'><strong>du-</strong></span> 
     </span>
     <span class='ocr_line' id='line_1_4' title="bbox 459 770 2647 854; baseline 0.002 -17"><span class='ocrx_word' id='word_1_25' title='bbox 459 773 646 838; x_wconf 89' lang='lat' dir='ltr'><strong>bium</strong></span> <span class='ocrx_word' id='word_1_26' title='bbox 677 788 854 849; x_wconf 85' lang='lat' dir='ltr'><strong>esse,</strong></span> <span class='ocrx_word' id='word_1_27' title='bbox 888 770 1049 854; x_wconf 88' lang='lat' dir='ltr'><strong>quin</strong></span> <span class='ocrx_word' id='word_1_28' title='bbox 1081 770 1268 836; x_wconf 84' lang='lat' dir='ltr'><strong>brevi</strong></span> <span class='ocrx_word' id='word_1_29' title='bbox 1305 771 1570 837; x_wconf 84' lang='lat' dir='ltr'><strong>deserta</strong></span> <span class='ocrx_word' id='word_1_30' title='bbox 1598 774 1686 837; x_wconf 89' lang='lat' dir='ltr'><strong>ab</strong></span> <span class='ocrx_word' id='word_1_31' title='bbox 1715 772 1925 838; x_wconf 88' lang='lat' dir='ltr'><strong>sociis</strong></span> <span class='ocrx_word' id='word_1_32' title='bbox 1955 772 2269 840; x_wconf 86' lang='lat' dir='ltr'><strong>Romana</strong></span> <span class='ocrx_word' id='word_1_33' title='bbox 2296 792 2407 839; x_wconf 90' lang='lat' dir='ltr'><strong>res</strong></span> <span class='ocrx_word' id='word_1_34' title='bbox 2433 775 2647 841; x_wconf 85' lang='lat' dir='ltr'><strong>foede-</strong></span> 
     </span>
     <span class='ocr_line' id='line_1_5' title="bbox 459 870 2647 955; baseline 0.002 -18"><span class='ocrx_word' id='word_1_35' title='bbox 459 873 646 937; x_wconf 87' lang='lat' dir='ltr'><strong>ribus</strong></span> <span class='ocrx_word' id='word_1_36' title='bbox 675 870 958 937; x_wconf 86' lang='lat' dir='ltr'><strong>Punicis</strong></span> <span class='ocrx_word' id='word_1_37' title='bbox 989 872 1215 936; x_wconf 86' lang='lat' dir='ltr'><strong>omnia</strong></span> <span class='ocrx_word' id='word_1_38' title='bbox 1242 871 1316 935; x_wconf 89' lang='lat' dir='ltr'><strong>in</strong></span> <span class='ocrx_word' id='word_1_39' title='bbox 1344 871 1551 937; x_wconf 84' lang='lat' dir='ltr'><strong>Italia</strong></span> <span class='ocrx_word' id='word_1_40' title='bbox 1567 871 1809 955; x_wconf 83' lang='lat' dir='ltr'><strong>juncta</strong></span> <span class='ocrx_word' id='word_1_41' title='bbox 1835 872 2063 939; x_wconf 81' lang='lat' dir='ltr'><strong>visura</strong></span> <span class='ocrx_word' id='word_1_42' title='bbox 2090 875 2184 939; x_wconf 88' lang='lat' dir='ltr'><strong>sit</strong></span> <span class='ocrx_word' id='word_1_43' title='bbox 2202 876 2233 939; x_wconf 78' lang='lat' dir='ltr'><strong>‘i</strong></span> <span class='ocrx_word' id='word_1_44' title='bbox 2313 876 2403 941; x_wconf 92' lang='lat' dir='ltr'><strong>Se</strong></span> <span class='ocrx_word' id='word_1_45' title='bbox 2431 882 2647 941; x_wconf 88' lang='lat' dir='ltr'><strong>tamen</strong></span> 
     </span>
     <span class='ocr_line' id='line_1_6' title="bbox 459 972 2649 1060; baseline 0.001 -21"><span class='ocrx_word' id='word_1_46' title='bbox 459 994 592 1039; x_wconf 89' lang='lat' dir='ltr'><strong>nou</strong></span> <span class='ocrx_word' id='word_1_47' title='bbox 636 992 788 1039; x_wconf 89' lang='lat' dir='ltr'><strong>eum</strong></span> <span class='ocrx_word' id='word_1_48' title='bbox 833 992 1002 1052; x_wconf 87' lang='lat' dir='ltr'><strong>esse,</strong></span> <span class='ocrx_word' id='word_1_49' title='bbox 1047 974 1168 1057; x_wconf 86' lang='lat' dir='ltr'><strong>qui</strong></span> <span class='ocrx_word' id='word_1_50' title='bbox 1215 972 1470 1039; x_wconf 80' lang='lat' dir='ltr'><strong>Altinio</strong></span> <span class='ocrx_word' id='word_1_51' title='bbox 1515 973 1673 1039; x_wconf 85' lang='lat' dir='ltr'><strong>fidei</strong></span> <span class='ocrx_word' id='word_1_52' title='bbox 1702 976 2060 1060; x_wconf 87' lang='lat' dir='ltr'><strong>quicquam</strong></span> <span class='ocrx_word' id='word_1_53' title='bbox 2098 982 2369 1043; x_wconf 89' lang='lat' dir='ltr'><strong>censeat</strong></span> <span class='ocrx_word' id='word_1_54' title='bbox 2393 977 2649 1044; x_wconf 86' lang='lat' dir='ltr'><strong>haben-</strong></span> 
     </span>
     <span class='ocr_line' id='line_1_7' title="bbox 462 1073 2645 1162; baseline 0.001 -21"><span class='ocrx_word' id='word_1_55' title='bbox 462 1075 646 1154; x_wconf 85' lang='lat' dir='ltr'><strong>dum,</strong></span> <span class='ocrx_word' id='word_1_56' title='bbox 697 1073 816 1139; x_wconf 90' lang='lat' dir='ltr'><strong>sed</strong></span> <span class='ocrx_word' id='word_1_57' title='bbox 867 1074 1158 1139; x_wconf 84' lang='lat' dir='ltr'><strong>mediam</strong></span> <span class='ocrx_word' id='word_1_58' title='bbox 1181 1147 1189 1153; x_wconf 48' lang='grc'>,</span> <span class='ocrx_word' id='word_1_59' title='bbox 1209 1080 1723 1141; x_wconf 85' lang='lat' dir='ltr'><strong>consecuturum</strong></span> <span class='ocrx_word' id='word_1_60' title='bbox 1742 1084 1766 1112; x_wconf 76' lang='lat'>⁶</span> <span class='ocrx_word' id='word_1_61' title='bbox 1804 1077 2067 1141; x_wconf 86' lang='lat' dir='ltr'><strong>consilii</strong></span> <span class='ocrx_word' id='word_1_62' title='bbox 2111 1077 2313 1143; x_wconf 82' lang='lat' dir='ltr'><strong>viam.</strong></span> <span class='ocrx_word' id='word_1_63' title='bbox 2401 1078 2645 1162; x_wconf 86' lang='lat' dir='ltr'><strong>Neque</strong></span> 
     </span>
     <span class='ocr_line' id='line_1_8' title="bbox 459 1176 2645 1261; baseline 0.001 -18"><span class='ocrx_word' id='word_1_64' title='bbox 459 1195 611 1243; x_wconf 88' lang='lat' dir='ltr'><strong>eum</strong></span> <span class='ocrx_word' id='word_1_65' title='bbox 658 1195 783 1259; x_wconf 88' lang='lat' dir='ltr'><strong>pro</strong></span> <span class='ocrx_word' id='word_1_66' title='bbox 836 1176 1056 1253; x_wconf 84' lang='lat' dir='ltr'><strong>hoste,</strong></span> <span class='ocrx_word' id='word_1_67' title='bbox 1109 1194 1326 1260; x_wconf 89' lang='lat' dir='ltr'><strong>neque</strong></span> <span class='ocrx_word' id='word_1_68' title='bbox 1375 1195 1498 1259; x_wconf 90' lang='lat' dir='ltr'><strong>pro</strong></span> <span class='ocrx_word' id='word_1_69' title='bbox 1547 1178 1739 1242; x_wconf 87' lang='lat' dir='ltr'><strong>socio</strong></span> <span class='ocrx_word' id='word_1_70' title='bbox 1790 1179 1861 1241; x_wconf 92' lang='lat' dir='ltr'><strong>iu</strong></span> <span class='ocrx_word' id='word_1_71' title='bbox 1911 1180 2277 1261; x_wconf 69' lang='lat' dir='ltr'><strong>praesentia</strong></span> <span class='ocrx_word' id='word_1_72' title='bbox 2319 1181 2645 1259; x_wconf 86' lang='lat' dir='ltr'><strong>habitum,</strong></span> 
     </span>
     <span class='ocr_line' id='line_1_9' title="bbox 459 1277 2646 1364; baseline 0.002 -21"><span class='ocrx_word' id='word_1_73' title='bbox 459 1277 674 1343; x_wconf 88' lang='lat' dir='ltr'><strong>libera</strong></span> <span class='ocrx_word' id='word_1_74' title='bbox 700 1278 1010 1343; x_wconf 86' lang='lat' dir='ltr'><strong>custodia</strong></span> <span class='ocrx_word' id='word_1_75' title='bbox 1036 1277 1216 1343; x_wconf 87' lang='lat' dir='ltr'><strong>haud</strong></span> <span class='ocrx_word' id='word_1_76' title='bbox 1247 1278 1483 1361; x_wconf 86' lang='lat' dir='ltr'><strong>procul</strong></span> <span class='ocrx_word' id='word_1_77' title='bbox 1513 1299 1558 1343; x_wconf 88' lang='lat' dir='ltr'><strong>a</strong></span> <span class='ocrx_word' id='word_1_78' title='bbox 1582 1279 1825 1345; x_wconf 85' lang='lat' dir='ltr'><strong>castris</strong></span> <span class='ocrx_word' id='word_1_79' title='bbox 1851 1280 2119 1363; x_wconf 87' lang='lat' dir='ltr'><strong>placere</strong></span> <span class='ocrx_word' id='word_1_80' title='bbox 2148 1282 2220 1345; x_wconf 91' lang='lat' dir='ltr'><strong>iu</strong></span> <span class='ocrx_word' id='word_1_81' title='bbox 2254 1281 2479 1364; x_wconf 85' lang='lat' dir='ltr'><strong>aliqua</strong></span> <span class='ocrx_word' id='word_1_82' title='bbox 2507 1281 2646 1347; x_wconf 89' lang='lat' dir='ltr'><strong>fida</strong></span> 
     </span>
     <span class='ocr_line' id='line_1_10' title="bbox 459 1380 2648 1465; baseline 0.001 -20"><span class='ocrx_word' id='word_1_83' title='bbox 459 1380 734 1445; x_wconf 85' lang='lat' dir='ltr'><strong>civitate</strong></span> <span class='ocrx_word' id='word_1_84' title='bbox 761 1380 1009 1447; x_wconf 85' lang='lat' dir='ltr'><strong>servari</strong></span> <span class='ocrx_word' id='word_1_85' title='bbox 1037 1399 1158 1464; x_wconf 88' lang='lat' dir='ltr'><strong>per</strong></span> <span class='ocrx_word' id='word_1_86' title='bbox 1185 1380 1346 1445; x_wconf 90' lang='lat' dir='ltr'><strong>belli</strong></span> <span class='ocrx_word' id='word_1_87' title='bbox 1374 1386 1671 1463; x_wconf 74' lang='lat' dir='ltr'><strong>tempust</strong></span> <span class='ocrx_word' id='word_1_88' title='bbox 1702 1388 2081 1465; x_wconf 84' lang='lat' dir='ltr'><strong>perpetrato</strong></span> <span class='ocrx_word' id='word_1_89' title='bbox 2102 1384 2301 1462; x_wconf 90' lang='lat' dir='ltr'><strong>bello,</strong></span> <span class='ocrx_word' id='word_1_90' title='bbox 2320 1392 2459 1447; x_wconf 89' lang='lat' dir='ltr'><strong>tum</strong></span> <span class='ocrx_word' id='word_1_91' title='bbox 2484 1402 2648 1447; x_wconf 83' lang='lat' dir='ltr'><strong>cou-</strong></span> 
     </span>
     <span class='ocr_line' id='line_1_11' title="bbox 459 1482 2647 1567; baseline 0.002 -20"><span class='ocrx_word' id='word_1_92' title='bbox 459 1482 870 1561; x_wconf 86' lang='lat' dir='ltr'><strong>sultandum,</strong></span> <span class='ocrx_word' id='word_1_93' title='bbox 901 1489 1117 1547; x_wconf 85' lang='lat' dir='ltr'><strong>utrum</strong></span> <span class='ocrx_word' id='word_1_94' title='bbox 1145 1483 1437 1549; x_wconf 85' lang='lat' dir='ltr'><strong>defectio</strong></span> <span class='ocrx_word' id='word_1_95' title='bbox 1467 1483 1645 1567; x_wconf 89' lang='lat' dir='ltr'><strong>prior</strong></span> <span class='ocrx_word' id='word_1_96' title='bbox 1691 1485 1848 1566; x_wconf 86' lang='lat' dir='ltr'><strong>plus</strong></span> <span class='ocrx_word' id='word_1_97' title='bbox 1888 1485 2125 1549; x_wconf 84' lang='lat' dir='ltr'><strong>merita</strong></span> <span class='ocrx_word' id='word_1_98' title='bbox 2158 1486 2250 1549; x_wconf 87' lang='lat' dir='ltr'><strong>sit</strong></span> <span class='ocrx_word' id='word_1_99' title='bbox 2275 1504 2525 1567; x_wconf 84' lang='lat' dir='ltr'><strong>poenoe,</strong></span> <span class='ocrx_word' id='word_1_100' title='bbox 2558 1506 2647 1551; x_wconf 86' lang='lat' dir='ltr'><strong>an</strong></span> 
     </span>
     <span class='ocr_line' id='line_1_12' title="bbox 459 1583 2649 1669; baseline 0 -19"><span class='ocrx_word' id='word_1_101' title='bbox 459 1584 570 1650; x_wconf 83' lang='lat' dir='ltr'><strong>hic</strong></span> <span class='ocrx_word' id='word_1_102' title='bbox 600 1584 852 1650; x_wconf 85' lang='lat' dir='ltr'><strong>reditus</strong></span> <span class='ocrx_word' id='word_1_103' title='bbox 880 1584 1142 1649; x_wconf 55' lang='lat' dir='ltr'><strong>veniae?</strong></span> <span class='ocrx_word' id='word_1_104' title='bbox 1229 1583 1446 1648; x_wconf 86' lang='lat' dir='ltr'><strong>Fabio</strong></span> <span class='ocrx_word' id='word_1_105' title='bbox 1484 1602 1835 1648; x_wconf 80' lang='lat' dir='ltr'><strong>assensum</strong></span> <span class='ocrx_word' id='word_1_106' title='bbox 1874 1591 2016 1665; x_wconf 89' lang='lat' dir='ltr'><strong>est;</strong></span> <span class='ocrx_word' id='word_1_107' title='bbox 2060 1586 2450 1669; x_wconf 69' lang='lat' dir='ltr'><strong>catenisque</strong></span> <span class='ocrx_word' id='word_1_108' title='bbox 2479 1587 2649 1669; x_wconf 88' lang='lat' dir='ltr'><strong>liga-</strong></span> 
     </span>
     <span class='ocr_line' id='line_1_13' title="bbox 459 1683 2647 1769; baseline 0.001 -19"><span class='ocrx_word' id='word_1_109' title='bbox 459 1683 622 1764; x_wconf 76' lang='lat' dir='ltr'><strong>tuS,‘¹</strong></span> <span class='ocrx_word' id='word_1_110' title='bbox 681 1687 964 1752; x_wconf 80' lang='lat' dir='ltr'><strong>traditur</strong></span> <span class='ocrx_word' id='word_1_111' title='bbox 1015 1694 1090 1751; x_wconf 89' lang='lat' dir='ltr'><strong>et</strong></span> <span class='ocrx_word' id='word_1_112' title='bbox 1133 1686 1282 1767; x_wconf 86' lang='lat' dir='ltr'><strong>ipse</strong></span> <span class='ocrx_word' id='word_1_113' title='bbox 1332 1692 1403 1750; x_wconf 91' lang='lat' dir='ltr'><strong>et</strong></span> <span class='ocrx_word' id='word_1_114' title='bbox 1453 1685 1770 1750; x_wconf 80' lang='lat' dir='ltr'><strong>comites:</strong></span> <span class='ocrx_word' id='word_1_115' title='bbox 1814 1694 1887 1750; x_wconf 90' lang='lat' dir='ltr'><strong>et</strong></span> <span class='ocrx_word' id='word_1_116' title='bbox 1936 1687 2080 1751; x_wconf 89' lang='lat' dir='ltr'><strong>auri</strong></span> <span class='ocrx_word' id='word_1_117' title='bbox 2128 1688 2291 1751; x_wconf 87' lang='lat' dir='ltr'><strong>satis</strong></span> <span class='ocrx_word' id='word_1_118' title='bbox 2338 1705 2647 1769; x_wconf 85' lang='lat' dir='ltr'><strong>maguum</strong></span> 
     </span>
     <span class='ocr_line' id='line_1_14' title="bbox 459 1787 2649 1872; baseline 0.001 -21"><span class='ocrx_word' id='word_1_119' title='bbox 459 1787 749 1871; x_wconf 89' lang='lat' dir='ltr'><strong>pondus,</strong></span> <span class='ocrx_word' id='word_1_120' title='bbox 807 1787 991 1872; x_wconf 87' lang='lat' dir='ltr'><strong>quod</strong></span> <span class='ocrx_word' id='word_1_121' title='bbox 1051 1805 1285 1853; x_wconf 89' lang='lat' dir='ltr'><strong>secum</strong></span> <span class='ocrx_word' id='word_1_122' title='bbox 1343 1792 1482 1853; x_wconf 88' lang='lat' dir='ltr'><strong>tum</strong></span> <span class='ocrx_word' id='word_1_123' title='bbox 1541 1787 1871 1862; x_wconf 85' lang='lat' dir='ltr'><strong>attulerat,</strong></span> <span class='ocrx_word' id='word_1_124' title='bbox 1932 1788 1997 1851; x_wconf 91' lang='lat' dir='ltr'><strong>ei</strong></span> <span class='ocrx_word' id='word_1_125' title='bbox 2054 1788 2305 1852; x_wconf 79' lang='lat' dir='ltr'><strong>servari</strong></span> <span class='ocrx_word' id='word_1_126' title='bbox 2359 1788 2649 1872; x_wconf 85' lang='lat' dir='ltr'><strong>jussum.</strong></span> 
     </span>
     <span class='ocr_line' id='line_1_15' title="bbox 461 1887 2649 1972; baseline 0.001 -19"><span class='ocrx_word' id='word_1_127' title='bbox 461 1887 742 1955; x_wconf 85' lang='lat' dir='ltr'><strong>Calibus</strong></span> <span class='ocrx_word' id='word_1_128' title='bbox 769 1910 924 1955; x_wconf 89' lang='lat' dir='ltr'><strong>eum</strong></span> <span class='ocrx_word' id='word_1_129' title='bbox 953 1889 1246 1954; x_wconf 82' lang='lat' dir='ltr'><strong>interdiu</strong></span> <span class='ocrx_word' id='word_1_130' title='bbox 1276 1889 1570 1953; x_wconf 86' lang='lat' dir='ltr'><strong>solutum</strong></span> <span class='ocrx_word' id='word_1_131' title='bbox 1596 1888 1906 1953; x_wconf 78' lang='lat' dir='ltr'><strong>custodes</strong></span> <span class='ocrx_word' id='word_1_132' title='bbox 1930 1889 2415 1972; x_wconf 80' lang='lat' dir='ltr'><strong>sequebantur:</strong></span> <span class='ocrx_word' id='word_1_133' title='bbox 2449 1899 2649 1955; x_wconf 89' lang='lat' dir='ltr'><strong>nocte</strong></span> 
     </span>
     <span class='ocr_line' id='line_1_16' title="bbox 455 1988 2652 2074; baseline 0.001 -20"><span class='ocrx_word' id='word_1_134' title='bbox 455 1990 760 2057; x_wconf 82' lang='lat' dir='ltr'><strong>clausum</strong></span> <span class='ocrx_word' id='word_1_135' title='bbox 789 1993 1239 2058; x_wconf 84' lang='lat' dir='ltr'><strong>asservabant.</strong></span> <span class='ocrx_word' id='word_1_136' title='bbox 1304 1988 1514 2074; x_wconf 81' lang='lat' dir='ltr'><strong>Arpis</strong></span> <span class='ocrx_word' id='word_1_137' title='bbox 1543 1990 1727 2055; x_wconf 89' lang='lat' dir='ltr'><strong>domi</strong></span> <span class='ocrx_word' id='word_1_138' title='bbox 1757 1990 2041 2074; x_wconf 88' lang='lat' dir='ltr'><strong>primum</strong></span> <span class='ocrx_word' id='word_1_139' title='bbox 2070 1988 2435 2054; x_wconf 84' lang='lat' dir='ltr'><strong>desiderari</strong></span> <span class='ocrx_word' id='word_1_140' title='bbox 2466 2010 2652 2073; x_wconf 77' lang='lat' dir='ltr'><strong>quee-</strong></span> 
     </span>
     <span class='ocr_line' id='line_1_17' title="bbox 458 2094 2649 2178; baseline 0.001 -22"><span class='ocrx_word' id='word_1_141' title='bbox 458 2094 654 2176; x_wconf 89' lang='lat' dir='ltr'><strong>rique</strong></span> <span class='ocrx_word' id='word_1_142' title='bbox 682 2102 790 2159; x_wconf 86' lang='lat' dir='ltr'><strong>est</strong></span> <span class='ocrx_word' id='word_1_143' title='bbox 818 2100 1123 2178; x_wconf 73' lang='lat' dir='ltr'><strong>coeptusz</strong></span> <span class='ocrx_word' id='word_1_144' title='bbox 1154 2095 1308 2159; x_wconf 89' lang='lat' dir='ltr'><strong>dein</strong></span> <span class='ocrx_word' id='word_1_145' title='bbox 1337 2094 1539 2170; x_wconf 83' lang='lat' dir='ltr'><strong>fama,</strong></span> <span class='ocrx_word' id='word_1_146' title='bbox 1568 2113 1693 2176; x_wconf 87' lang='lat' dir='ltr'><strong>per</strong></span> <span class='ocrx_word' id='word_1_147' title='bbox 1720 2098 1933 2158; x_wconf 82' lang='lat' dir='ltr'><strong>totam</strong></span> <span class='ocrx_word' id='word_1_148' title='bbox 1958 2094 2187 2157; x_wconf 87' lang='lat' dir='ltr'><strong>urbem</strong></span> <span class='ocrx_word' id='word_1_149' title='bbox 2218 2094 2513 2176; x_wconf 80' lang='lat' dir='ltr'><strong>vulgata,</strong></span> <span class='ocrx_word' id='word_1_150' title='bbox 2547 2101 2649 2158; x_wconf 83' lang='lat' dir='ltr'><strong>tu·</strong></span> 
     </span>
     <span class='ocr_line' id='line_1_18' title="bbox 460 2192 2649 2278; baseline 0.001 -22"><span class='ocrx_word' id='word_1_151' title='bbox 460 2194 759 2270; x_wconf 86' lang='lat' dir='ltr'><strong>multum,</strong></span> <span class='ocrx_word' id='word_1_152' title='bbox 785 2198 859 2257; x_wconf 89' lang='lat' dir='ltr'><strong>ut</strong></span> <span class='ocrx_word' id='word_1_153' title='bbox 883 2194 1182 2278; x_wconf 87' lang='lat' dir='ltr'><strong>principe</strong></span> <span class='ocrx_word' id='word_1_154' title='bbox 1213 2192 1487 2270; x_wconf 78' lang='lat' dir='ltr'><strong>amisso,</strong></span> <span class='ocrx_word' id='word_1_155' title='bbox 1512 2193 1715 2257; x_wconf 85' lang='lat' dir='ltr'><strong>fecit:</strong></span> <span class='ocrx_word' id='word_1_156' title='bbox 1742 2200 2059 2276; x_wconf 88' lang='lat' dir='ltr'><strong>metuque</strong></span> <span class='ocrx_word' id='word_1_157' title='bbox 2084 2212 2298 2257; x_wconf 89' lang='lat' dir='ltr'><strong>rerum</strong></span> <span class='ocrx_word' id='word_1_158' title='bbox 2330 2212 2649 2260; x_wconf 81' lang='lat' dir='ltr'><strong>novarum</strong></span> 
     </span>
     <span class='ocr_line' id='line_1_19' title="bbox 461 2291 2651 2378; baseline 0.001 -21"><span class='ocrx_word' id='word_1_159' title='bbox 461 2293 802 2375; x_wconf 86' lang='lat' dir='ltr'><strong>extemplo</strong></span> <span class='ocrx_word' id='word_1_160' title='bbox 849 2294 1071 2357; x_wconf 87' lang='lat' dir='ltr'><strong>nuntii</strong></span> <span class='ocrx_word' id='word_1_161' title='bbox 1120 2292 1207 2357; x_wconf 88' lang='lat' dir='ltr'><strong>ad</strong></span> <span class='ocrx_word' id='word_1_162' title='bbox 1261 2292 1713 2357; x_wconf 84' lang='lat' dir='ltr'><strong>Hannibalem</strong></span> <span class='ocrx_word' id='word_1_163' title='bbox 1732 2301 1760 2343; x_wconf 89' lang='lat'>⁷</span> <span class='ocrx_word' id='word_1_164' title='bbox 1805 2292 2017 2358; x_wconf 74' lang='lat' dir='ltr'><strong>missi.</strong></span> <span class='ocrx_word' id='word_1_165' title='bbox 2105 2291 2375 2372; x_wconf 82' lang='lat' dir='ltr'><strong>Quibus</strong></span> <span class='ocrx_word' id='word_1_166' title='bbox 2403 2314 2651 2378; x_wconf 86' lang='lat' dir='ltr'><strong>nequa-</strong></span> 
     </span>
     <span class='ocr_line' id='line_1_20' title="bbox 460 2393 2651 2479; baseline 0.001 -20"><span class='ocrx_word' id='word_1_167' title='bbox 460 2412 659 2479; x_wconf 88' lang='lat' dir='ltr'><strong>quam</strong></span> <span class='ocrx_word' id='word_1_168' title='bbox 688 2393 977 2459; x_wconf 85' lang='lat' dir='ltr'><strong>offensus</strong></span> <span class='ocrx_word' id='word_1_169' title='bbox 995 2404 1018 2433; x_wconf 80' lang='lat'>⁸</span> <span class='ocrx_word' id='word_1_170' title='bbox 1045 2394 1328 2473; x_wconf 89' lang='lat' dir='ltr'><strong>Poenus,</strong></span> <span class='ocrx_word' id='word_1_171' title='bbox 1377 2396 1536 2477; x_wconf 86' lang='lat' dir='ltr'><strong>quia</strong></span> <span class='ocrx_word' id='word_1_172' title='bbox 1589 2402 1661 2459; x_wconf 90' lang='lat' dir='ltr'><strong>et</strong></span> <span class='ocrx_word' id='word_1_173' title='bbox 1710 2395 1959 2479; x_wconf 78' lang='lat' dir='ltr'><strong>ipsum,</strong></span> <span class='ocrx_word' id='word_1_174' title='bbox 2010 2403 2089 2460; x_wconf 87' lang='lat' dir='ltr'><strong>ut</strong></span> <span class='ocrx_word' id='word_1_175' title='bbox 2134 2396 2463 2478; x_wconf 76' lang='lat' dir='ltr'><strong>ambiguae</strong></span> <span class='ocrx_word' id='word_1_176' title='bbox 2494 2396 2651 2461; x_wconf 86' lang='lat' dir='ltr'><strong>fidei</strong></span> 
     </span>
     <span class='ocr_line' id='line_1_21' title="bbox 458 2494 2655 2579; baseline 0.001 -19"><span class='ocrx_word' id='word_1_177' title='bbox 458 2496 692 2572; x_wconf 83' lang='lat' dir='ltr'><strong>virum,</strong></span> <span class='ocrx_word' id='word_1_178' title='bbox 713 2502 1096 2579; x_wconf 86' lang='lat' dir='ltr'><strong>suspectum</strong></span> <span class='ocrx_word' id='word_1_179' title='bbox 1099 2496 1244 2579; x_wconf 88' lang='lat' dir='ltr'><strong>jam</strong></span> <span class='ocrx_word' id='word_1_180' title='bbox 1270 2495 1526 2579; x_wconf 88' lang='lat' dir='ltr'><strong>pridem</strong></span> <span class='ocrx_word' id='word_1_181' title='bbox 1547 2494 1862 2573; x_wconf 86' lang='lat' dir='ltr'><strong>habebat,</strong></span> <span class='ocrx_word' id='word_1_182' title='bbox 1874 2502 1941 2559; x_wconf 90' lang='lat' dir='ltr'><strong>et</strong></span> <span class='ocrx_word' id='word_1_183' title='bbox 1962 2515 2233 2561; x_wconf 87' lang='lat' dir='ltr'><strong>causam</strong></span> <span class='ocrx_word' id='word_1_184' title='bbox 2253 2502 2485 2561; x_wconf 86' lang='lat' dir='ltr'><strong>nactus</strong></span> <span class='ocrx_word' id='word_1_185' title='bbox 2512 2504 2655 2562; x_wconf 85' lang='lat' dir='ltr'><strong>erat</strong></span> 
     </span>
     <span class='ocr_line' id='line_1_22' title="bbox 457 2584 2715 2680; baseline 0 -19"><span class='ocrx_word' id='word_1_186' title='bbox 457 2602 592 2661; x_wconf 83' lang='lat' dir='ltr'><strong>tarn</strong></span> <span class='ocrx_word' id='word_1_187' title='bbox 635 2596 795 2661; x_wconf 88' lang='lat' dir='ltr'><strong>ditis</strong></span> <span class='ocrx_word' id='word_1_188' title='bbox 835 2598 1119 2664; x_wconf 88' lang='lat' dir='ltr'><strong>hominis</strong></span> <span class='ocrx_word' id='word_1_189' title='bbox 1146 2599 1326 2661; x_wconf 83' lang='lat' dir='ltr'><strong>bona</strong></span> <span class='ocrx_word' id='word_1_190' title='bbox 1373 2596 1766 2679; x_wconf 86' lang='lat' dir='ltr'><strong>possidendi</strong></span> <span class='ocrx_word' id='word_1_191' title='bbox 1797 2597 2295 2680; x_wconf 82' lang='lat' dir='ltr'><strong>vendendique:</strong></span> <span class='ocrx_word' id='word_1_192' title='bbox 2352 2604 2647 2661; x_wconf 85' lang='lat' dir='ltr'><strong>ceterum</strong></span> <span class='ocrx_word' id='word_1_193' title='bbox 2694 2584 2715 2595; x_wconf 69' lang='grc'><strong>’</strong></span> 
     </span>
     <span class='ocr_line' id='line_1_23' title="bbox 459 2695 2650 2782; baseline -0 -20"><span class='ocrx_word' id='word_1_194' title='bbox 459 2704 535 2762; x_wconf 88' lang='lat' dir='ltr'><strong>ut</strong></span> <span class='ocrx_word' id='word_1_195' title='bbox 581 2699 702 2763; x_wconf 77' lang='lat' dir='ltr'><strong>irae</strong></span> <span class='ocrx_word' id='word_1_196' title='bbox 749 2700 990 2781; x_wconf 82' lang='lat' dir='ltr'><strong>magis,</strong></span> <span class='ocrx_word' id='word_1_197' title='bbox 1037 2718 1241 2782; x_wconf 87' lang='lat' dir='ltr'><strong>quam</strong></span> <span class='ocrx_word' id='word_1_198' title='bbox 1285 2699 1621 2775; x_wconf 78' lang='lat' dir='ltr'><strong>avaritioe,</strong></span> <span class='ocrx_word' id='word_1_199' title='bbox 1665 2698 1894 2763; x_wconf 88' lang='lat' dir='ltr'><strong>datum</strong></span> <span class='ocrx_word' id='word_1_200' title='bbox 1948 2695 2291 2761; x_wconf 85' lang='lat' dir='ltr'><strong>crederent</strong></span> <span class='ocrx_word' id='word_1_201' title='bbox 2318 2697 2650 2776; x_wconf 85' lang='lat' dir='ltr'><strong>homiues,</strong></span> 
     </span>
     <span class='ocr_line' id='line_1_24' title="bbox 461 2795 2652 2883; baseline -0.001 -20"><span class='ocrx_word' id='word_1_202' title='bbox 461 2798 908 2865; x_wconf 85' lang='lat' dir='ltr'><strong>crudelitatem</strong></span> <span class='ocrx_word' id='word_1_203' title='bbox 950 2815 1221 2883; x_wconf 86' lang='lat' dir='ltr'><strong>quoque</strong></span> <span class='ocrx_word' id='word_1_204' title='bbox 1249 2797 1555 2879; x_wconf 81' lang='lat' dir='ltr'><strong>gravitati</strong></span> <span class='ocrx_word' id='word_1_205' title='bbox 1586 2795 1841 2861; x_wconf 87' lang='lat' dir='ltr'><strong>addidit</strong></span> <span class='ocrx_word' id='word_1_206' title='bbox 1870 2795 1934 2879; x_wconf 80' lang='lat'><strong>3⁸</strong></span> <span class='ocrx_word' id='word_1_207' title='bbox 1974 2796 2461 2880; x_wconf 81' lang='lat' dir='ltr'><strong>conjugemque</strong></span> <span class='ocrx_word' id='word_1_208' title='bbox 2504 2798 2652 2879; x_wconf 84' lang='lat' dir='ltr'><strong>ejus</strong></span> 
     </span>
    </p>
   </div>
   <div class='ocr_carea' id='block_1_3' title="bbox 1387 2958 1753 2982">
    <p class='ocr_par' dir='ltr' id='par_1_3' title="bbox 1387 2958 1753 2982">
     <span class='ocr_line' id='line_1_25' title="bbox 1387 2958 1753 2982; baseline 0 1952"><span class='ocrx_word' id='word_1_209' title='bbox 1387 2958 1753 2982; x_wconf 95' lang='lat' dir='ltr'><strong> </strong></span> 
     </span>
    </p>
   </div>
   <div class='ocr_carea' id='block_1_4' title="bbox 460 3056 2655 3701">
    <p class='ocr_par' dir='ltr' id='par_1_4' title="bbox 460 3056 2655 3701">
     <span class='ocr_line' id='line_1_26' title="bbox 463 3056 2655 3111; baseline -0.001 -2"><span class='ocrx_word' id='word_1_210' title='bbox 463 3067 512 3110; x_wconf 84' lang='lat' dir='ltr'><strong>et</strong></span> <span class='ocrx_word' id='word_1_211' title='bbox 531 3074 624 3109; x_wconf 75' lang='lat' dir='ltr'><strong>m</strong></span> <span class='ocrx_word' id='word_1_212' title='bbox 643 3059 898 3109; x_wconf 63' lang='lat' dir='ltr'><strong>unitivum</strong></span> <span class='ocrx_word' id='word_1_213' title='bbox 916 3060 1354 3111; x_wconf 59' lang='lat' dir='ltr'><strong>documentum—&#39;l</strong></span> <span class='ocrx_word' id='word_1_214' title='bbox 1377 3060 1545 3111; x_wconf 75' lang='lat' dir='ltr'><strong>Voces</strong></span> <span class='ocrx_word' id='word_1_215' title='bbox 1563 3062 1629 3111; x_wconf 76' lang='lat' dir='ltr'><strong>ad</strong></span> <span class='ocrx_word' id='word_1_216' title='bbox 1650 3059 1971 3111; x_wconf 65' lang='lat' dir='ltr'><strong>Hannibalem</strong></span> <span class='ocrx_word' id='word_1_217' title='bbox 1990 3056 2179 3108; x_wconf 76' lang='lat' dir='ltr'><strong>abeunt</strong></span> <span class='ocrx_word' id='word_1_218' title='bbox 2200 3056 2311 3107; x_wconf 79' lang='lat' dir='ltr'><strong>fere</strong></span> <span class='ocrx_word' id='word_1_219' title='bbox 2333 3057 2401 3107; x_wconf 80' lang='lat' dir='ltr'><strong>ab</strong></span> <span class='ocrx_word' id='word_1_220' title='bbox 2420 3056 2655 3108; x_wconf 71' lang='lat' dir='ltr'><strong>omnibus</strong></span> 
     </span>
     <span class='ocr_line' id='line_1_27' title="bbox 461 3122 2653 3191; baseline -0.002 -15"><span class='ocrx_word' id='word_1_221' title='bbox 461 3127 691 3176; x_wconf 65' lang='grc' dir='ltr'><strong>Μαι-8</strong></span> <span class='ocrx_word' id='word_1_222' title='bbox 722 3125 739 3154; x_wconf 90' lang='lat'>‘</span> <span class='ocrx_word' id='word_1_223' title='bbox 763 3126 1104 3175; x_wconf 67' lang='lat' dir='ltr'><strong>Crudelitatem</strong></span> <span class='ocrx_word' id='word_1_224' title='bbox 1136 3141 1312 3189; x_wconf 74' lang='lat' dir='ltr'><strong>quoque</strong></span> <span class='ocrx_word' id='word_1_225' title='bbox 1342 3126 1583 3188; x_wconf 70' lang='lat' dir='ltr'><strong>grauitati</strong></span> <span class='ocrx_word' id='word_1_226' title='bbox 1614 3123 1926 3191; x_wconf 76' lang='lat' dir='ltr'><strong>(severitati)</strong></span> <span class='ocrx_word' id='word_1_227' title='bbox 1957 3123 2145 3173; x_wconf 73' lang='lat' dir='ltr'><strong>addidit</strong></span> <span class='ocrx_word' id='word_1_228' title='bbox 2164 3137 2195 3172; x_wconf 83' lang='lat' dir='ltr'><strong>e</strong></span> <span class='ocrx_word' id='word_1_229' title='bbox 2215 3124 2320 3171; x_wconf 76' lang='lat' dir='ltr'><strong>Me.</strong></span> <span class='ocrx_word' id='word_1_230' title='bbox 2344 3122 2487 3172; x_wconf 83' lang='lat' dir='ltr'><strong>Flor.</strong></span> <span class='ocrx_word' id='word_1_231' title='bbox 2510 3129 2565 3171; x_wconf 87' lang='lat' dir='ltr'><strong>et</strong></span> <span class='ocrx_word' id='word_1_232' title='bbox 2584 3122 2653 3171; x_wconf 75' lang='lat' dir='ltr'><strong>ul.</strong></span> 
     </span>
     <span class='ocr_line' id='line_1_28' title="bbox 463 3186 2653 3255; baseline -0.003 -16"><span class='ocrx_word' id='word_1_233' title='bbox 463 3204 558 3255; x_wconf 86' lang='lat' dir='ltr'><strong>pro</strong></span> <span class='ocrx_word' id='word_1_234' title='bbox 581 3189 718 3251; x_wconf 73' lang='lat' dir='ltr'><strong>vulg.</strong></span> <span class='ocrx_word' id='word_1_235' title='bbox 739 3188 1010 3237; x_wconf 71' lang='lat' dir='ltr'><strong>crudelitati</strong></span> <span class='ocrx_word' id='word_1_236' title='bbox 1027 3204 1074 3251; x_wconf 78' lang='lat' dir='ltr'><strong>q.</strong></span> <span class='ocrx_word' id='word_1_237' title='bbox 1093 3192 1386 3250; x_wconf 57' lang='lat' dir='ltr'><strong>paemen</strong></span> <span class='ocrx_word' id='word_1_238' title='bbox 1402 3206 1450 3239; x_wconf 81' lang='lat' dir='ltr'><strong>a.</strong></span> <span class='ocrx_word' id='word_1_239' title='bbox 1484 3190 1663 3253; x_wconf 84' lang='lat' dir='ltr'><strong>recepi</strong></span> <span class='ocrx_word' id='word_1_240' title='bbox 1696 3202 1812 3238; x_wconf 80' lang='lat' dir='ltr'><strong>curu</strong></span> <span class='ocrx_word' id='word_1_241' title='bbox 1846 3190 1955 3239; x_wconf 83' lang='lat' dir='ltr'><strong>Str.</strong></span> <span class='ocrx_word' id='word_1_242' title='bbox 1984 3188 2071 3251; x_wconf 79' lang='lat' dir='ltr'><strong>qui</strong></span> <span class='ocrx_word' id='word_1_243' title='bbox 2112 3196 2283 3236; x_wconf 80' lang='lat' dir='ltr'><strong>tamen</strong></span> <span class='ocrx_word' id='word_1_244' title='bbox 2324 3194 2469 3236; x_wconf 82' lang='lat' dir='ltr'><strong>recte</strong></span> <span class='ocrx_word' id='word_1_245' title='bbox 2502 3186 2653 3235; x_wconf 67' lang='lat' dir='ltr'><strong>timul</strong></span> 
     </span>
     <span class='ocr_line' id='line_1_29' title="bbox 463 3248 2654 3316; baseline -0.003 -12"><span class='ocrx_word' id='word_1_246' title='bbox 463 3252 679 3308; x_wconf 80' lang='lat' dir='ltr'><strong>monuit,</strong></span> <span class='ocrx_word' id='word_1_247' title='bbox 703 3267 798 3315; x_wconf 87' lang='lat' dir='ltr'><strong>pro</strong></span> <span class='ocrx_word' id='word_1_248' title='bbox 825 3253 1080 3315; x_wconf 71' lang='lat' dir='ltr'><strong>grauitati.</strong></span> <span class='ocrx_word' id='word_1_249' title='bbox 1105 3268 1220 3315; x_wconf 69' lang='lat' dir='ltr'><strong>qun</strong></span> <span class='ocrx_word' id='word_1_250' title='bbox 1243 3254 1310 3302; x_wconf 81' lang='lat' dir='ltr'><strong>ub</strong></span> <span class='ocrx_word' id='word_1_251' title='bbox 1330 3253 1383 3300; x_wconf 81' lang='lat' dir='ltr'><strong>h.</strong></span> <span class='ocrx_word' id='word_1_252' title='bbox 1401 3253 1440 3302; x_wconf 94' lang='lat' dir='ltr'><strong>l.</strong></span> <span class='ocrx_word' id='word_1_253' title='bbox 1465 3252 1634 3301; x_wconf 79' lang='lat' dir='ltr'><strong>aliena</strong></span> <span class='ocrx_word' id='word_1_254' title='bbox 1656 3252 1741 3309; x_wconf 75' lang='lat' dir='ltr'><strong>sit,</strong></span> <span class='ocrx_word' id='word_1_255' title='bbox 1771 3251 1913 3316; x_wconf 86' lang='lat' dir='ltr'><strong>(cum</strong></span> <span class='ocrx_word' id='word_1_256' title='bbox 1939 3250 2006 3299; x_wconf 82' lang='lat' dir='ltr'><strong>dc</strong></span> <span class='ocrx_word' id='word_1_257' title='bbox 2026 3249 2227 3299; x_wconf 82' lang='lat' dir='ltr'><strong>duobus</strong></span> <span class='ocrx_word' id='word_1_258' title='bbox 2260 3250 2432 3314; x_wconf 81' lang='lat' dir='ltr'><strong>potius</strong></span> <span class='ocrx_word' id='word_1_259' title='bbox 2455 3248 2654 3298; x_wconf 76' lang='lat' dir='ltr'><strong>Hauni-</strong></span> 
     </span>
     <span class='ocr_line' id='line_1_30' title="bbox 461 3313 2654 3380; baseline -0.003 -12"><span class='ocrx_word' id='word_1_260' title='bbox 461 3318 592 3369; x_wconf 78' lang='lat' dir='ltr'><strong>baiis</strong></span> <span class='ocrx_word' id='word_1_261' title='bbox 617 3318 752 3366; x_wconf 76' lang='lat' dir='ltr'><strong>vitiis</strong></span> <span class='ocrx_word' id='word_1_262' title='bbox 775 3316 843 3365; x_wconf 73' lang='lat' dir='ltr'><strong>eit</strong></span> <span class='ocrx_word' id='word_1_263' title='bbox 866 3330 1055 3377; x_wconf 79' lang='lat' dir='ltr'><strong>sermo,</strong></span> <span class='ocrx_word' id='word_1_264' title='bbox 1078 3316 1144 3365; x_wconf 83' lang='lat' dir='ltr'><strong>de</strong></span> <span class='ocrx_word' id='word_1_265' title='bbox 1164 3315 1394 3377; x_wconf 77' lang='lat' dir='ltr'><strong>auaritia,</strong></span> <span class='ocrx_word' id='word_1_266' title='bbox 1415 3330 1567 3380; x_wconf 81' lang='lat' dir='ltr'><strong>quam</strong></span> <span class='ocrx_word' id='word_1_267' title='bbox 1596 3316 1761 3365; x_wconf 62' lang='lat' dir='ltr'><strong>habita</strong></span> <span class='ocrx_word' id='word_1_268' title='bbox 1780 3313 2033 3377; x_wconf 62' lang='lat' dir='ltr'><strong>quani-ue</strong></span> <span class='ocrx_word' id='word_1_269' title='bbox 2050 3315 2110 3363; x_wconf 73' lang='lat' dir='ltr'><strong>de</strong></span> <span class='ocrx_word' id='word_1_270' title='bbox 2130 3328 2245 3363; x_wconf 75' lang='lat' dir='ltr'><strong>auru</strong></span> <span class='ocrx_word' id='word_1_271' title='bbox 2262 3319 2549 3375; x_wconf 66' lang='lat' dir='ltr'><strong>argentoque</strong></span> <span class='ocrx_word' id='word_1_272' title='bbox 2567 3314 2654 3361; x_wconf 76' lang='lat' dir='ltr'><strong>da·</strong></span> 
     </span>
     <span class='ocr_line' id='line_1_31' title="bbox 460 3375 2652 3445; baseline -0.003 -13"><span class='ocrx_word' id='word_1_273' title='bbox 460 3384 529 3432; x_wconf 73' lang='lat' dir='ltr'><strong>uti</strong></span> <span class='ocrx_word' id='word_1_274' title='bbox 547 3380 734 3441; x_wconf 81' lang='lat' dir='ltr'><strong>relicto,</strong></span> <span class='ocrx_word' id='word_1_275' title='bbox 754 3387 810 3430; x_wconf 87' lang='lat' dir='ltr'><strong>et</strong></span> <span class='ocrx_word' id='word_1_276' title='bbox 832 3380 898 3429; x_wconf 84' lang='lat' dir='ltr'><strong>de</strong></span> <span class='ocrx_word' id='word_1_277' title='bbox 917 3380 996 3429; x_wconf 71' lang='lat' dir='ltr'><strong>ira</strong></span> <span class='ocrx_word' id='word_1_278' title='bbox 1015 3392 1103 3429; x_wconf 75' lang='lat' dir='ltr'><strong>seu</strong></span> <span class='ocrx_word' id='word_1_279' title='bbox 1121 3378 1418 3443; x_wconf 76' lang='lat' dir='ltr'><strong>erudelitate,</strong></span> <span class='ocrx_word' id='word_1_280' title='bbox 1435 3394 1588 3445; x_wconf 79' lang='lat' dir='ltr'><strong>quam</strong></span> <span class='ocrx_word' id='word_1_281' title='bbox 1605 3379 1911 3429; x_wconf 70' lang='lat' dir='ltr'><strong>comburendo</strong></span> <span class='ocrx_word' id='word_1_282' title='bbox 1926 3378 2057 3427; x_wconf 73' lang='lat' dir='ltr'><strong>uim</strong></span> <span class='ocrx_word' id='word_1_283' title='bbox 2074 3376 2261 3426; x_wconf 76' lang='lat' dir='ltr'><strong>libero·</strong></span> <span class='ocrx_word' id='word_1_284' title='bbox 2277 3375 2652 3439; x_wconf 83' lang='lat' dir='ltr'><strong>conjugemque</strong></span> 
     </span>
     <span class='ocr_line' id='line_1_32' title="bbox 463 3436 2653 3519; baseline -0.003 -24"><span class='ocrx_word' id='word_1_285' title='bbox 463 3445 648 3495; x_wconf 76' lang='lat' dir='ltr'><strong>Aliiuii</strong></span> <span class='ocrx_word' id='word_1_286' title='bbox 671 3441 1086 3519; x_wconf 53' lang='lat' dir='ltr'><strong>significantia)</strong></span> <span class='ocrx_word' id='word_1_287' title='bbox 1106 3442 1378 3507; x_wconf 68' lang='lat' dir='ltr'><strong>legendum</strong></span> <span class='ocrx_word' id='word_1_288' title='bbox 1400 3444 1646 3506; x_wconf 76' lang='lat' dir='ltr'><strong>auiditati,</strong></span> <span class='ocrx_word' id='word_1_289' title='bbox 1662 3451 1751 3493; x_wconf 75' lang='lat' dir='ltr'><strong>aut</strong></span> <span class='ocrx_word' id='word_1_290' title='bbox 1773 3456 1889 3491; x_wconf 82' lang='lat' dir='ltr'><strong>curu</strong></span> <span class='ocrx_word' id='word_1_291' title='bbox 1904 3440 2067 3491; x_wconf 80' lang='lat' dir='ltr'><strong>Grou-</strong></span> <span class='ocrx_word' id='word_1_292' title='bbox 2086 3440 2355 3503; x_wconf 73' lang='lat' dir='ltr'><strong>rapacitati.</strong></span> <span class='ocrx_word' id='word_1_293' title='bbox 2385 3436 2653 3515; x_wconf 61' lang='lat' dir='ltr'><strong>§amicari</strong></span> 
     </span>
     <span class='ocr_line' id='line_1_33' title="bbox 463 3504 2652 3570; baseline -0.002 -11"><span class='ocrx_word' id='word_1_294' title='bbox 463 3510 620 3559; x_wconf 82' lang='lat' dir='ltr'><strong>etium</strong></span> <span class='ocrx_word' id='word_1_295' title='bbox 643 3508 805 3570; x_wconf 71' lang='lat' dir='ltr'><strong>posui·</strong></span> <span class='ocrx_word' id='word_1_296' title='bbox 824 3506 1096 3569; x_wconf 72' lang='lat' dir='ltr'><strong>cupiditati,</strong></span> <span class='ocrx_word' id='word_1_297' title='bbox 1127 3516 1183 3557; x_wconf 86' lang='lat' dir='ltr'><strong>et</strong></span> <span class='ocrx_word' id='word_1_298' title='bbox 1211 3522 1408 3569; x_wconf 64' lang='lat' dir='ltr'><strong>grauem</strong></span> <span class='ocrx_word' id='word_1_299' title='bbox 1429 3508 1514 3559; x_wconf 77' lang='lat' dir='ltr'><strong>vel</strong></span> <span class='ocrx_word' id='word_1_300' title='bbox 1531 3509 1695 3568; x_wconf 66' lang='lat' dir='ltr'><strong>seruus</strong></span> <span class='ocrx_word' id='word_1_301' title='bbox 1730 3507 1809 3557; x_wconf 76' lang='lat' dir='ltr'><strong>vel</strong></span> <span class='ocrx_word' id='word_1_302' title='bbox 1844 3504 2259 3556; x_wconf 45' lang='lat' dir='ltr'><strong>dum-viditur·-</strong></span> <span class='ocrx_word' id='word_1_303' title='bbox 2322 3504 2497 3552; x_wconf 74' lang='lat' dir='ltr'><strong>Minu·</strong></span> <span class='ocrx_word' id='word_1_304' title='bbox 2527 3516 2559 3551; x_wconf 81' lang='grc' dir='ltr'><strong>ιι</strong></span> <span class='ocrx_word' id='word_1_305' title='bbox 2598 3510 2652 3554; x_wconf 75' lang='lat' dir='ltr'><strong>ie</strong></span> 
     </span>
     <span class='ocr_line' id='line_1_34' title="bbox 463 3518 2651 3635; baseline -0.003 -12"><span class='ocrx_word' id='word_1_306' title='bbox 463 3574 588 3624; x_wconf 79' lang='lat' dir='ltr'><strong>Em.</strong></span> <span class='ocrx_word' id='word_1_307' title='bbox 610 3572 744 3635; x_wconf 82' lang='lat' dir='ltr'><strong>conj.</strong></span> <span class='ocrx_word' id='word_1_308' title='bbox 774 3570 1045 3621; x_wconf 72' lang='lat' dir='ltr'><strong>crudelitati</strong></span> <span class='ocrx_word' id='word_1_309' title='bbox 1065 3586 1112 3635; x_wconf 75' lang='lat' dir='ltr'><strong>q.</strong></span> <span class='ocrx_word' id='word_1_310' title='bbox 1131 3572 1433 3635; x_wconf 65' lang='lat' dir='ltr'><strong>pravitatem.</strong></span> <span class='ocrx_word' id='word_1_311' title='bbox 1499 3572 1745 3623; x_wconf 82' lang='lat' dir='ltr'><strong>Ceterum</strong></span> <span class='ocrx_word' id='word_1_312' title='bbox 1768 3568 1985 3621; x_wconf 78' lang='lat' dir='ltr'><strong>cauden</strong></span> <span class='ocrx_word' id='word_1_313' title='bbox 2007 3567 2367 3617; x_wconf 77' lang='lat' dir='ltr'><strong>crudelitatem</strong></span> <span class='ocrx_word' id='word_1_314' title='bbox 2384 3518 2651 3617; x_wconf 57' lang='lat' dir='ltr'><strong>Hanniba-</strong></span> 
     </span>
     <span class='ocr_line' id='line_1_35' title="bbox 461 3632 2653 3701; baseline -0.002 -14"><span class='ocrx_word' id='word_1_315' title='bbox 461 3638 523 3687; x_wconf 80' lang='lat' dir='ltr'><strong>li·</strong></span> <span class='ocrx_word' id='word_1_316' title='bbox 545 3642 797 3687; x_wconf 77' lang='lat' dir='ltr'><strong>memorat</strong></span> <span class='ocrx_word' id='word_1_317' title='bbox 818 3634 1048 3701; x_wconf 78' lang='lat' dir='ltr'><strong>Appiau.</strong></span> <span class='ocrx_word' id='word_1_318' title='bbox 1085 3636 1136 3685; x_wconf 83' lang='lat' dir='ltr'><strong>b.</strong></span> <span class='ocrx_word' id='word_1_319' title='bbox 1174 3634 1350 3686; x_wconf 80' lang='lat' dir='ltr'><strong>Hauu.</strong></span> <span class='ocrx_word' id='word_1_320' title='bbox 1370 3648 1534 3689; x_wconf 77' lang='lat' dir='ltr'>xxxx.</span> <span class='ocrx_word' id='word_1_321' title='bbox 1555 3644 1611 3687; x_wconf 83' lang='lat' dir='ltr'><strong>et</strong></span> <span class='ocrx_word' id='word_1_322' title='bbox 1632 3635 1773 3688; x_wconf 81' lang='lat' dir='ltr'><strong>uliud</strong></span> <span class='ocrx_word' id='word_1_323' title='bbox 1806 3634 1923 3699; x_wconf 73' lang='lat' dir='ltr'><strong>ejus</strong></span> <span class='ocrx_word' id='word_1_324' title='bbox 1958 3632 2252 3696; x_wconf 67' lang='lat' dir='ltr'><strong>exemplu·</strong></span> <span class='ocrx_word' id='word_1_325' title='bbox 2272 3644 2387 3695; x_wconf 78' lang='lat' dir='ltr'><strong>cap·</strong></span> <span class='ocrx_word' id='word_1_326' title='bbox 2402 3634 2487 3683; x_wconf 75' lang='grc'><strong>44.</strong></span> <span class='ocrx_word' id='word_1_327' title='bbox 2504 3632 2653 3683; x_wconf 78' lang='lat' dir='ltr'><strong>extr-⁸</strong></span> 
     </span>
    </p>
   </div>
   <div class='ocr_carea' id='block_1_5' title="bbox 464 3703 2653 4331">
    <p class='ocr_par' dir='ltr' id='par_1_5' title="bbox 464 3703 2653 4331">
     <span class='ocr_line' id='line_1_36' title="bbox 464 3703 1556 3787; baseline -0.004 -34"><span class='ocrx_word' id='word_1_328' title='bbox 464 3703 669 3767; x_wconf 64' lang='grc' dir='ltr'><strong>Καρσί.</strong></span> <span class='ocrx_word' id='word_1_329' title='bbox 1547 3778 1556 3787; x_wconf 35' lang='lat'><strong>¹</strong></span> 
     </span>
     <span class='ocr_line' id='line_1_37' title="bbox 1453 3794 1675 3849; baseline -0.018 0"><span class='ocrx_word' id='word_1_330' title='bbox 1453 3794 1675 3849; x_wconf 58' lang='lat' dir='ltr'><strong>1101·AE</strong></span> 
     </span>
     <span class='ocr_line' id='line_1_38' title="bbox 465 3886 2648 3955; baseline -0.003 -11"><span class='ocrx_word' id='word_1_331' title='bbox 465 3891 550 3944; x_wconf 76' lang='lat' dir='ltr'><strong>Au</strong></span> <span class='ocrx_word' id='word_1_332' title='bbox 575 3892 729 3944; x_wconf 84' lang='lat' dir='ltr'><strong>modo</strong></span> <span class='ocrx_word' id='word_1_333' title='bbox 757 3893 868 3948; x_wconf 73' lang='lat' dir='ltr'><strong>bos,</strong></span> <span class='ocrx_word' id='word_1_334' title='bbox 909 3890 1060 3943; x_wconf 85' lang='lat' dir='ltr'><strong>modo</strong></span> <span class='ocrx_word' id='word_1_335' title='bbox 1093 3892 1208 3943; x_wconf 75' lang='lat' dir='ltr'><strong>illos</strong></span> <span class='ocrx_word' id='word_1_336' title='bbox 1229 3905 1336 3942; x_wconf 85' lang='lat' dir='ltr'><strong>nou</strong></span> <span class='ocrx_word' id='word_1_337' title='bbox 1356 3890 1514 3943; x_wconf 78' lang='lat' dir='ltr'><strong>advo·</strong></span> <span class='ocrx_word' id='word_1_338' title='bbox 1659 3900 1683 3927; x_wconf 76' lang='lat'>⁸</span> <span class='ocrx_word' id='word_1_339' title='bbox 1716 3892 2027 3955; x_wconf 68' lang='lat' dir='ltr'><strong>Nequaqua-</strong></span> <span class='ocrx_word' id='word_1_340' title='bbox 2058 3886 2289 3954; x_wconf 52' lang='grc' dir='ltr'><strong>οἶκον]</strong></span> <span class='ocrx_word' id='word_1_341' title='bbox 2331 3887 2459 3938; x_wconf 79' lang='lat' dir='ltr'><strong>Vult</strong></span> <span class='ocrx_word' id='word_1_342' title='bbox 2510 3886 2648 3938; x_wconf 76' lang='lat' dir='ltr'><strong>baud</strong></span> 
     </span>
     <span class='ocr_line' id='line_1_39' title="bbox 465 3961 2653 4033; baseline -0.003 -16"><span class='ocrx_word' id='word_1_343' title='bbox 465 3974 606 4021; x_wconf 78' lang='lat' dir='ltr'><strong>cent.</strong></span> <span class='ocrx_word' id='word_1_344' title='bbox 645 3973 701 4016; x_wconf 76' lang='lat' dir='ltr'><strong>et</strong></span> <span class='ocrx_word' id='word_1_345' title='bbox 737 3972 912 4029; x_wconf 72' lang='lat' dir='ltr'><strong>purte·</strong></span> <span class='ocrx_word' id='word_1_346' title='bbox 952 3966 1196 4015; x_wconf 81' lang='lat' dir='ltr'><strong>mutent?</strong></span> <span class='ocrx_word' id='word_1_347' title='bbox 1229 3980 1296 4016; x_wconf 79' lang='lat' dir='ltr'><strong>uu</strong></span> <span class='ocrx_word' id='word_1_348' title='bbox 1341 3967 1513 4031; x_wconf 78' lang='lat' dir='ltr'><strong>potius</strong></span> <span class='ocrx_word' id='word_1_349' title='bbox 1597 3974 1812 4033; x_wconf 68' lang='lat' dir='ltr'><strong>gravate</strong></span> <span class='ocrx_word' id='word_1_350' title='bbox 1854 3965 1907 4015; x_wconf 84' lang='lat' dir='ltr'><strong>id</strong></span> <span class='ocrx_word' id='word_1_351' title='bbox 1961 3965 2230 4028; x_wconf 76' lang='lat' dir='ltr'><strong>accepisse</strong></span> <span class='ocrx_word' id='word_1_352' title='bbox 2282 3961 2653 4023; x_wconf 78' lang='lat' dir='ltr'><strong>Hannibalem,</strong></span> 
     </span>
     <span class='ocr_line' id='line_1_40' title="bbox 465 4036 2653 4109; baseline -0.003 -16"><span class='ocrx_word' id='word_1_353' title='bbox 465 4042 813 4106; x_wconf 75' lang='lat' dir='ltr'><strong>scribendum,</strong></span> <span class='ocrx_word' id='word_1_354' title='bbox 827 4055 922 4090; x_wconf 72' lang='lat' dir='ltr'><strong>nou</strong></span> <span class='ocrx_word' id='word_1_355' title='bbox 937 4042 1154 4092; x_wconf 67' lang='lat' dir='ltr'><strong>uadlleut</strong></span> <span class='ocrx_word' id='word_1_356' title='bbox 1170 4048 1192 4091; x_wconf 76' lang='lat' dir='ltr'><strong>t</strong></span> <span class='ocrx_word' id='word_1_357' title='bbox 1596 4059 1700 4095; x_wconf 84' lang='lat' dir='ltr'><strong>uon</strong></span> <span class='ocrx_word' id='word_1_358' title='bbox 1722 4056 1844 4095; x_wconf 73' lang='lat' dir='ltr'><strong>saue</strong></span> <span class='ocrx_word' id='word_1_359' title='bbox 1867 4040 2005 4109; x_wconf 80' lang='lat' dir='ltr'><strong>quod</strong></span> <span class='ocrx_word' id='word_1_360' title='bbox 2028 4054 2137 4091; x_wconf 79' lang='lat' dir='ltr'><strong>eum</strong></span> <span class='ocrx_word' id='word_1_361' title='bbox 2163 4036 2511 4088; x_wconf 80' lang='lat' dir='ltr'><strong>defectionem</strong></span> <span class='ocrx_word' id='word_1_362' title='bbox 2536 4049 2653 4098; x_wconf 82' lang='lat' dir='ltr'><strong>pro·</strong></span> 
     </span>
     <span class='ocr_line' id='line_1_41' title="bbox 527 4114 2653 4185; baseline -0.003 -18"><span class='ocrx_word' id='word_1_363' title='bbox 527 4126 552 4153; x_wconf 73' lang='lat' dir='ltr'><strong>e</strong></span> <span class='ocrx_word' id='word_1_364' title='bbox 586 4115 973 4180; x_wconf 61' lang='grc' dir='ltr'><strong>(ἔσπασαν-ιη]</strong></span> <span class='ocrx_word' id='word_1_365' title='bbox 1028 4116 1382 4183; x_wconf 74' lang='lat' dir='ltr'><strong>Conpositum</strong></span> <span class='ocrx_word' id='word_1_366' title='bbox 1419 4134 1514 4185; x_wconf 87' lang='lat' dir='ltr'><strong>pro</strong></span> <span class='ocrx_word' id='word_1_367' title='bbox 1594 4120 1765 4178; x_wconf 81' lang='lat' dir='ltr'><strong>buret,</strong></span> <span class='ocrx_word' id='word_1_368' title='bbox 1809 4119 1901 4170; x_wconf 75' lang='lat' dir='ltr'><strong>sed</strong></span> <span class='ocrx_word' id='word_1_369' title='bbox 1938 4116 2077 4183; x_wconf 84' lang='lat' dir='ltr'><strong>quod</strong></span> <span class='ocrx_word' id='word_1_370' title='bbox 2114 4114 2371 4167; x_wconf 75' lang='lat' dir='ltr'><strong>Altinium</strong></span> <span class='ocrx_word' id='word_1_371' title='bbox 2406 4118 2653 4167; x_wconf 73' lang='lat' dir='ltr'><strong>amotum,</strong></span> 
     </span>
     <span class='ocr_line' id='line_1_42' title="bbox 464 4186 2653 4261; baseline -0.004 -16"><span class='ocrx_word' id='word_1_372' title='bbox 464 4192 682 4257; x_wconf 74' lang='lat' dir='ltr'><strong>simplici</strong></span> <span class='ocrx_word' id='word_1_373' title='bbox 703 4198 984 4243; x_wconf 63' lang='lat' dir='ltr'><strong>mum</strong></span> <span class='ocrx_word' id='word_1_374' title='bbox 1598 4196 1814 4261; x_wconf 68' lang='lat' dir='ltr'><strong>ejusque</strong></span> <span class='ocrx_word' id='word_1_375' title='bbox 1846 4194 1981 4245; x_wconf 81' lang='lat' dir='ltr'><strong>bona</strong></span> <span class='ocrx_word' id='word_1_376' title='bbox 2022 4186 2299 4242; x_wconf 73' lang='lat' dir='ltr'><strong>invadendi</strong></span> <span class='ocrx_word' id='word_1_377' title='bbox 2330 4186 2653 4237; x_wconf 72' lang='lat' dir='ltr'><strong>occasionem</strong></span> 
     </span>
     <span class='ocr_line' id='line_1_43' title="bbox 529 4265 2201 4331; baseline -0.003 -13"><span class='ocrx_word' id='word_1_378' title='bbox 529 4268 556 4303; x_wconf 70' lang='lat'><strong>⁴</strong></span> <span class='ocrx_word' id='word_1_379' title='bbox 590 4266 874 4331; x_wconf 76' lang='lat' dir='ltr'><strong>Gateuieque</strong></span> <span class='ocrx_word' id='word_1_380' title='bbox 893 4265 1096 4331; x_wconf 66' lang='lat' dir='ltr'><strong>ligatus]</strong></span> <span class='ocrx_word' id='word_1_381' title='bbox 1125 4266 1370 4320; x_wconf 76' lang='lat' dir='ltr'><strong>Altinius.</strong></span> <span class='ocrx_word' id='word_1_382' title='bbox 1600 4270 1698 4322; x_wconf 84' lang='lat' dir='ltr'><strong>sibi</strong></span> <span class='ocrx_word' id='word_1_383' title='bbox 1718 4270 1898 4323; x_wconf 79' lang='lat' dir='ltr'><strong>datum</strong></span> <span class='ocrx_word' id='word_1_384' title='bbox 1916 4270 2201 4320; x_wconf 63' lang='lat' dir='ltr'><strong>notaretur.</strong></span> 
     </span>
    </p>
   </div>
  </div>
 </body>
</html>
