3159 4934
1090 435 1716 484 nis-xxrv.oA1³.
1762 419 1867 485 13.
2391 421 2567 486 2009

339 583 551 644 v-eat
641 577 712 642 Si
759 578 948 659 signa
987 576 1164 660 ejnS,
1200 579 1260 642 si
1305 585 1524 642 castra
1565 585 1929 662 conspecta
1974 598 2015 642 a
2066 577 2363 643 Tarento
2410 581 2567 658 siut,

337 677 562 743 haud
596 678 803 742 ullam
841 679 1356 744 intercessuram
1393 699 1665 757 moram,
1696 681 1855 763 quin
1890 681 2053 744 urbs
2091 681 2395 745 dedatur.
2484 682 2569 746 Iu

345 789 720 866 potestate
763 782 1104 866 juniorum
1153 783 1489 867 plebem,
1470 802 1538 846 tn
1579 803 1783 847 manu
1830 783 2049 866 plebis
2084 804 2225 849 rem
2266 785 2568 850 Tarenti·
2645 865 2651 872 ·

341 905 528 950 nam
563 884 758 948 esse?
847 884 1196 949 Hannibal
1227 885 1651 949 collaudatos
1681 905 1797 948 eos
1827 892 2264 968 oneratosque
2300 887 2569 968 ingenti-

340 987 500 1050 bus
540 987 886 1070 promissis
931 986 1204 1051 domum
1247 986 1333 1050 ad
1386 995 1621 1070 coepta
1648 987 2047 1051 maturanda
2075 987 2291 1051 redire
2330 987 2566 1070 jubet:

341 1109 434 1152 se
466 1088 546 1151 in
581 1097 882 1170 tempore
913 1087 1268 1152 affuturum
1296 1108 1474 1152 esse.
1565 1089 1724 1153 Hac
1764 1108 1917 1154 cum
1966 1110 2088 1172 spe
2131 1089 2391 1153 dimissi
2433 1090 2569 1154 Ta-

337 1191 636 1256 rentini.
727 1189 964 1273 Ipsum
1014 1191 1245 1269 ingens
1289 1189 1538 1273 cupido
1586 1191 1958 1256 incesserat
1984 1191 2261 1256 Tarenti
2302 1193 2571 1275 potiun-

342 1293 486 1356 di.¹²
556 1293 811 1358 Urbem
844 1312 998 1356 esse
1029 1291 1322 1368 videbat,
1345 1311 1492 1356 cum
1526 1293 1912 1374 opulentam
1946 1294 2403 1376 nobilemque,
2432 1303 2572 1358 tum

341 1395 799 1471 maritimam,
845 1401 912 1458 et
949 1395 1014 1458 in
1060 1393 1544 1458 Macedoniam
1572 1403 1951 1477 opportune
1976 1413 2281 1460 versam=
2323 1415 2573 1476 regem-

342 1516 502 1580 que
543 1495 937 1579 Philippum
979 1496 1154 1559 hunc
1196 1503 1488 1577 portum,
1533 1499 1590 1559 si
1624 1498 1935 1560 transiret
1980 1497 2047 1560 in
2090 1496 2376 1574 Italiam,
2421 1516 2573 1560 cum

349 1597 814 1662 Brundisium
844 1597 1134 1660 Romani
1161 1597 1504 1673 haberent,
1539 1596 1929 1679 petiturum.
2002 1596 2211 1661 Sacro
2240 1596 2399 1660 inde
2428 1618 2573 1680 per-

354 1706 668 1784 petrato,
711 1699 794 1762 ad
842 1699 1027 1783 quod
1060 1706 1364 1774 venerat,
1401 1705 1492 1776 et,
1523 1698 1682 1762 dum
1713 1699 1813 1762 ibi
1842 1708 2161 1775 moratur,
2188 1705 2575 1782 pervastato

355 1821 542 1884 agro
585 1801 887 1866 Cumano
937 1819 1150 1886 usque
1203 1800 1287 1865 ad
1339 1801 1591 1866 Miseni
1647 1801 2209 1883 promontorium,⁰
2248 1801 2577 1866 Puteolos

351 1909 648 1986 repente
679 1923 916 1986 agmen
948 1903 1293 1978 convertit,
1327 1903 1413 1968 ad
1443 1903 1954 1986 opprimendum
2000 1903 2388 1986 praesidium
2434 1903 2575 1967 Ro-

353 2023 665 2074 manum.
753 2005 898 2070 Sex
930 2005 1146 2068 millia
1195 2005 1534 2069 hominum
1578 2011 1789 2083 erant,
1820 2012 1893 2070 et
1936 2004 2131 2069 locus
2170 2006 2573 2071 munimento

353 2127 675 2190 quoque,-
707 2127 836 2171 non
887 2114 1130 2172 natura
1181 2107 1406 2183 modo,
1457 2112 1669 2170 tutus.
1754 2105 2079 2170 Triduum
2130 2107 2225 2170 ibi
2270 2113 2576 2171 moratus

359 2209 657 2286 Poenus,
690 2210 778 2272 ab
827 2208 1008 2272 omui
1051 2214 1239 2291 parte
1291 2214 1546 2273 tentato
1596 2208 1941 2290 praesidio,
1986 2207 2251 2285 deinde,
2296 2219 2371 2272 ut
2412 2207 2579 2271 nihil

361 2309 813 2394 procedebat,
849 2310 936 2374 ad
981 2310 1447 2393 populandum
1489 2329 1717 2391 agrum
1764 2309 2313 2393 Neapolitanum,
2360 2311 2577 2392 magis

359 2412 474 2477 ira
506 2431 708 2497 quam
744 2413 1090 2494 potiundae
1121 2413 1308 2476 urbis
1341 2431 1487 2495 spe,
1518 2412 1870 2494 processit.
1928 2410 2271 2476 .Adventn
2312 2411 2459 2496 ejus
2506 2411 2572 2475 in

361 2514 828 2598 propinquum
863 2533 1092 2596 agrum
1129 2513 1391 2580 Nolana
1435 2519 1619 2578 mota
1642 2519 1745 2577 est
1776 2513 1993 2597 plebs,
2012 2514 2153 2598 jam
2187 2513 2305 2577 diu
2336 2530 2578 2578 aversa

363 2617 460 2680 ab
488 2615 816 2680 Romanis
838 2625 910 2682 et
937 2618 1180 2682 infesta
1209 2615 1470 2680 senatui
1503 2635 1655 2679 suo.
1745 2613 1983 2698 Itaque
2010 2615 2215 2696 legati
2239 2614 2322 2678 ad
2356 2634 2574 2678 arces-

361 2717 656 2782 sendum
689 2717 1172 2794 Hannibalem,
1219 2739 1370 2782 curn
1417 2717 1594 2781 haud
1628 2717 1836 2780 dubio
1874 2719 2207 2798 promisso
2236 2716 2577 2780 tradendae

365 2821 588 2898 urbiS,
613 2827 958 2886 venerunt.
1026 2818 1371 2884 Praevenit
1397 2819 1735 2901 inceptum
1766 2837 1995 2882 eorum
2028 2816 2396 2882 Marcellus
2419 2837 2577 2882 con-

1369 2985 1582 3036 NOTAE

437 3095 464 3119 ³
489 3084 685 3135 Tarenti
700 3081 941 3146 potiundi]
961 3083 1262 3140 Tarentum,
1287 3099 1315 3131 a
1340 3098 1442 3147 quo
1514 3081 1637 3131 die-⁹

367 3161 520 3212 ainus
559 3159 888 3221 Tarentinus,
933 3159 1116 3220 Siculi,
1151 3151 1252 3208 'seu
1308 3159 1442 3209 Ionii
1579 3166 1604 3191 ⁰
1634 3157 1719 3206 Aa
1740 3157 1919 3206 Miseni
1950 3157 2343 3220 promontorium]
2374 3159 2580 3214 Nomen

367 3239 530 3288 maris
567 3251 705 3300 pars,
741 3237 792 3285 in
835 3236 980 3299 cujus
1019 3236 1200 3286 intimo
1237 3249 1444 3284 recessu
1517 3235 1784 3297 accepisse
1828 3235 2055 3284 traditur
2090 3250 2121 3283 a
2156 3235 2360 3284 Miseno
2398 3236 2579 3287 AEueai

370 3315 589 3365 condita
625 3312 729 3362 fuit
771 3313 852 3361 vel
899 3319 1059 3376 capta
1101 3325 1130 3360 a
1173 3311 1450 3375 Phalanto,
1519 3310 1745 3358 tubicine
1770 3309 1840 3358 ibi
1863 3311 2095 3372 sepulto:
2120 3323 2409 3372 quanquam
2432 3310 2579 3360 Stra-

371 3391 587 3440 exulum
602 3390 862 3438 Laconum
879 3386 1331 3436 Partheniatarum
1349 3386 1440 3434 du·
1515 3385 1581 3433 bo
1606 3385 1850 3433 Baiarum
1874 3394 1927 3435 et
1950 3383 2141 3434 Miseni
2174 3385 2379 3432 nomina
2410 3384 2477 3433 ab
2500 3401 2582 3436 ao-

374 3479 462 3526 ce,
485 3465 538 3511 in
561 3463 834 3513 Calabria:
875 3469 982 3510 tum
1011 3461 1365 3524 magnitudine
1387 3471 1444 3511 et
1515 3461 1819 3525 eiisUlyssis
1839 3459 2063 3516 derivat,
2084 3458 2172 3524 qui
2195 3458 2269 3507 his
2290 3459 2581 3510 nominibus

375 3541 544 3592 muris
563 3546 818 3604 portuque
835 3538 1166 3599 nobilis,tum
1191 3539 1443 3588 mirabilis
1514 3535 1661 3586 dieti.
1730 3536 1896 3586 Situm
1924 3535 2082 3585 babet
2114 3535 2249 3584 ultra
2271 3535 2479 3598 Cumas,
2513 3550 2581 3606 ex

347 3637 354 3644 ·
382 3619 487 3666 situ
505 3615 732 3680 (quippe
763 3615 816 3664 in
852 3614 976 3676 ipsis
1000 3614 1252 3665 Adriatici
1288 3617 1444 3664 maris
1515 3613 1738 3662 adverso
1773 3613 2017 3669 AEnariae‚
2053 3626 2147 3661 seu
2188 3611 2467 3673 Prochyta
2506 3613 2589 3662 iti·

371 3690 608 3741 faucibus
623 3691 960 3755 posita,utait
976 3691 1154 3742 Florus
1169 3694 1256 3742 l.1.
1275 3692 1446 3752 e.18.)
1512 3690 1655 3738 snlae.
1739 3688 1913 3738 Hodie
1954 3702 2156 3752 quoqne
2201 3696 2415 3738 vocatur
2452 3691 2585 3753 Capo

383 3770 536 3819 hodie
575 3771 804 3830 Tor-anto,
837 3767 1335 3832 Archiepiscopatus
1385 3778 1441 3819 et
1513 3766 1717 3815 Miseno.
1754 3765 1995 3815 vicinum
2018 3767 2172 3816 habet
2198 3776 2424 3832 portum,
2441 3785 2581 3820 eum·

378 3845 710 3909 Principatus
729 3847 883 3896 titulo
901 3846 1086 3896 nobilia
1107 3845 1244 3907 urbs,
1260 3845 1312 3893 in
1335 3845 1444 3909 Hy·
1516 3857 1618 3908 que
1653 3843 1919 3908 pulchrum
1958 3851 2012 3892 et
2048 3841 2387 3906 profundum:
2424 3855 2583 3911 atque

382 3920 624 3970 ‹lu-nmina
646 3923 792 3986 regni
812 3920 1146 3984 Neapolitani
1162 3919 1444 3984 provincia.
1515 3922 1570 3970 iu
1598 3935 1660 3970 eo
1692 3919 1955 3983 Augustus
1977 3921 2190 3970 classem
2215 3923 2491 3973 collocavit
2514 3925 2581 3974 ad

383 3995 628 4044 Ceterum
677 3997 898 4060 potiundi
936 3996 1168 4057 verbnm,
1213 3996 1448 4059 quamvis
1517 3998 1737 4046 tutelam
1778 3995 1941 4046 Inferi
1980 3998 2151 4047 maris·
2198 3999 2391 4050 Iaeolae
2428 4001 2583 4048 Porto

381 4074 684 4137 plerumque
720 4088 836 4123 cum
869 4072 1138 4124 auferendi
1175 4089 1298 4123 casu
1325 4075 1446 4136 jun·
1520 4073 1689 4124 Gialio
1710 4075 1996 4136 appellant,
2018 4073 2169 4137 falso,
2194 4083 2249 4124 ut
2270 4077 2345 4125 ait
2368 4077 2581 4127 Cluver.

390 4157 562 4211 gatar,
627 4163 798 4199 tamen
869 4149 1142 4212 aliquando
1217 4149 1448 4211 genitivo
1517 4148 1819 4200 cumJulius
1838 4157 2017 4212 portus
2036 4150 2197 4200 fuerit
2214 4151 2279 4200 ad
2302 4153 2578 4202 Lucrinum

385 4227 636 4289 gaudere,
657 4226 776 4275 hinc
799 4234 854 4276 et
875 4241 938 4275 ex
971 4226 1204 4289 proxime
1230 4239 1446 4290 sequen·
1517 4224 1885 4286 Atrei-numque
1906 4226 2067 4276 lacus.
2135 4228 2283 4276 Circa
2308 4228 2419 4276 hec
2442 4229 2581 4278 litto·

381 4305 520 4355 tibus
563 4309 729 4368 patet,
769 4301 856 4350 ubi
901 4302 1202 4353 ‘libertatis
1241 4302 1446 4366 potinn-
1518 4316 1576 4350 ra
1598 4300 1743 4354 fuera
1764 4303 2027 4356 Cimmerii
2052 4303 2337 4353 Homerici.

508 4385 686 4450 Delph.
707 4389 759 4434 et
789 4384 904 4435 ναν.
930 4385 1059 4432 Clas·
1398 4382 1579 4434 Livius.
2294 4391 2299 4396 “
2335 4388 2367 4430 6
2400 4385 2447 4433 Q
