3159 4934
549 454 722 521 2028
1494 466 1563 517 τ.
1612 467 1806 517 mvn

552 614 904 679 ducantur.
991 608 1299 676 Gratiam
1339 626 1647 691 magnam
1693 627 1815 675 eos
1853 624 2063 693 parva
2104 624 2313 691 opera
2342 606 2525 691 apud
2561 608 2749 674 Han·

552 714 846 781 nibalem
873 706 1197 779 inituros!
1285 710 1519 776 Facile
1547 730 1654 776 res
1682 708 2076 793 impetrata:
2122 707 2307 773 abire
2328 710 2504 773 enim
2537 710 2747 776 duces

550 816 803 898 regios,
832 832 984 879 cum
1010 814 1265 897 peritos
1303 812 1590 891 militiae,
1620 817 1763 877 tuni
1788 816 2055 893 egentes
2086 809 2353 875 eosdem
2384 817 2593 895 atque
2625 832 2749 875 au-

553 916 786 995 daces,
817 915 1221 1000 cupiebant:
1267 914 1413 994 sed,
1444 912 1623 998 quod
1651 913 1998 991 volebant,
2030 930 2189 991 non,
2221 931 2424 995 qnam
2453 919 2746 979 matura-

551 1026 628 1083 to
658 1036 834 1102 opus
863 1024 1027 1095 erat,
1057 1017 1318 1082 naviter
1355 1014 1850 1099 expediebant.⁰
1938 1015 2208 1080 Interim
2238 1016 2530 1099 juvenes
2574 1016 2747 1080 mili·

549 1129 728 1185 tates
757 1124 824 1184 et
867 1118 1118 1185 assueti
1160 1118 1503 1195 militibus,
1529 1136 1705 1183 nunc
1749 1116 1929 1201 apud
1973 1136 2093 1183 eos
2122 1118 2332 1201 ipsos,
2361 1136 2537 1183 nunc
2566 1118 2743 1200 apud

548 1220 953 1302 transfugae,
985 1236 1265 1304 quorum
1312 1220 1617 1285 maxima
1646 1238 1801 1304 pars
1841 1238 1933 1284 ex
1980 1218 2331 1285 navalibus
2364 1219 2569 1283 sociis
2598 1218 2746 1284 Ro·

549 1340 890 1385 manorum
941 1328 1107 1398 erat,
1154 1338 1332 1385 nunc
1385 1320 1593 1385 etiam
1632 1320 1812 1403 apud
1863 1320 2107 1385 infimae
2158 1320 2377 1404 plebis
2418 1320 2743 1395 homines,

549 1422 831 1487 crimina
883 1421 1191 1487 serebant
1238 1422 1311 1486 in
1361 1430 1667 1487 senatum
1713 1422 2243 1507 optimatesque:
2289 1422 2415 1487 ‘id
2459 1423 2674 1487 moliri
2691 1428 2747 1459 ²0

549 1524 726 1589 clam
759 1543 876 1588 eos
907 1530 1110 1607 atque
1140 1530 1419 1601 struere,
1451 1528 1526 1588 ut
1555 1524 1919 1609 Syracusae
1950 1544 2069 1607 per
2108 1524 2402 1609 speciem
2444 1526 2741 1590 reconci-

545 1625 733 1691 liatae
763 1624 1110 1691 societatis
1139 1626 1208 1689 in
1239 1623 1498 1690 ditione
1525 1624 1987 1693 Romanorum
2016 1626 2196 1710 sint3
2237 1626 2391 1693 dein
2429 1627 2637 1692 factio
2676 1634 2745 1693 et

545 1728 752 1812 pauci
780 1734 1091 1793 auctores
1109 1733 1130 1766 ¹
1159 1726 1431 1791 foederis
1459 1727 1767 1794 renovati
1796 1727 2253 1794 dominentur.’

629 1828 742 1894 24.
787 1826 924 1893 His
973 1827 1320 1892 audiendis
1371 1826 1867 1910 credendisque
1918 1836 2303 1912 opportuna
2348 1830 2742 1908 multitudo,

544 1930 760 2012 major
786 1928 856 1993 in
895 1927 1065 2006 dies,
1114 1926 1492 2009 Syracusas
1535 1926 1953 1993 confluebat:
1999 1948 2127 1993 nec
2157 1928 2491 2013 Epicydi²
2520 1932 2740 1997 solum

547 2050 732 2115 spem
763 2028 1212 2093 novandarum
1253 2046 1493 2104 rerum,
1538 2026 1659 2091 sed
1708 2027 2197 2095 Andranodoro
2226 2030 2451 2107 etiam,
2478 2032 2741 2115 praebe-

543 2132 687 2196 bat.
776 2127 943 2207 Qui,
971 2128 1195 2193 fessus
1225 2127 1492 2193 tandem
1523 2129 1761 2197 uxoris
1789 2130 2097 2210 vocibus,
2126 2134 2480 2213 monentis,
2512 2137 2534 2168 ‘
2564 2151 2739 2198 nunc

542 2232 708 2297 illud
737 2250 887 2296 esse
916 2237 1180 2313 tempus
1223 2231 1604 2313 occupandi
1650 2250 1783 2310 res,
1814 2230 1977 2299 dum
2019 2234 2285 2301 turbata
2309 2237 2534 2301 omnia
2560 2255 2741 2302 nova

544 2342 746 2417 atque
795 2332 1182 2397 incondita³
1236 2330 1544 2397 libertate
1594 2338 1867 2411 essent?
1917 2333 2075 2401 dum
2126 2335 2329 2418 regiis
2386 2337 2741 2420 stipendiis

543 2442 786 2518 pastus
837 2433 1296 2499 obversaretur
1345 2432 1559 2510 miles,
1612 2432 1772 2501 dum
1816 2436 1903 2499 ab
1932 2434 2321 2519 Hannibale
2371 2438 2565 2504 missi
2616 2439 2739 2519 du-

543 2555 683 2612 σεε,
713 2535 972 2599 assueti
1017 2534 1367 2610 militibus,
1402 2533 1648 2617 juvare
1698 2543 1987 2618 possent
2028 2538 2343 2622 incepta,’
2371 2560 2525 2605 cum
2560 2540 2737 2605 The·

541 2638 802 2715 misto‚⁴
850 2638 962 2703 cui
1007 2636 1291 2702 Gelonis
1335 2636 1478 2701 filia
1521 2644 1754 2721 nupta,
1790 2658 1929 2705 rem
1973 2640 2435 2727 consociatam
2472 2660 2737 2725 paucos

541 2747 699 2826 post
727 2740 868 2804 dies
901 2736 1200 2803 Aristoni
1231 2738 1501 2804 cuidam
1534 2740 1792 2822 tragico
1824 2742 2054 2820 actori,
2086 2744 2197 2808 cui
2223 2748 2291 2808 et
2320 2744 2457 2808 alia
2486 2762 2739 2809 arcana

542 2841 945 2907 committere
1001 2848 1352 2917 assuerat,⁵
1398 2841 1665 2907 incaute
1714 2844 1981 2927 aperit!
2068 2844 2259 2911 Huic
2303 2854 2373 2911 et
2412 2866 2619 2927 genus
2666 2855 2736 2911 et

539 2942 806 3007 fortuna
834 2942 1108 3006 honesta
1139 2946 1368 3021 erant3
1399 2961 1523 3005 nec
1551 2960 1687 3018 ars,
1712 2946 1878 3026 qnia
1897 2944 2063 3009 nihil
2085 2946 2221 3013 tale
2245 2946 2426 3032 apud
2450 2944 2733 3013 Graecos

540 3042 782 3127 pudori
812 3049 970 3119 est,¹¹
997 3060 1082 3105 ea
1110 3040 1552 3105 deformabat.
1641 3040 1899 3125 Itaque,
1939 3044 2138 3109 fidem
2168 3049 2499 3127 potiorem
2527 3054 2734 3126 ratus,

605 3228 626 3253 ⁰
666 3221 840 3271 Verum
862 3220 1171 3285 Syracusani,
1194 3222 1247 3270 id
1279 3223 1403 3284 quod
1424 3220 1689 3285 cupiebant,
1717 3236 1811 3272 non
1839 3227 1979 3274 tanta
1996 3223 2262 3281 celeritate,
2282 3230 2459 3291 φιαιιια
2478 3242 2593 3291 opu
2608 3237 2731 3295 erat,

539 3287 1014 3400 afwa-inan„
1033 3349 1186 3399 adhuc
1209 3350 1512 3412 incomposita
1533 3356 1657 3399 met
1694 3365 1779 3402 nec
1798 3353 1942 3402 cenis
1961 3352 2143 3415 regibus
2157 3353 2379 3419 firmata.

601 3423 626 3457 ⁹
659 3414 1028 3465 Auara-odoras
1053 3414 1274 3465 Aristona·
1304 3416 1516 3476 tragoedo
1545 3386 1721 3465 revelat
1757 3432 1846 3479 per
1875 3418 2241 3481 immanem·
2266 3434 2319 3470 se
2344 3435 2449 3471 eum
2474 3420 2733 3472 Themi-vtio

541 3480 814 3530 „rietatem
833 3480 1090 3543 occupandi
1108 3479 1428 3543 principatum
1451 3479 1636 3530 iniisse.

1482 3621 1811 3645 Oeten-ome

537 3721 674 3773 ratio
694 3716 860 3768 foret:
893 3720 936 3769 ui
957 3719 1038 3769 cai
1059 3718 1291 3771 dedisset
1312 3721 1505 3784 Livius,
1525 3721 1731 3773 mollius
1750 3722 1924 3774 foret-⁸
1957 3725 2267 3778 Bonan—2⁰
2299 3726 2437 3779 oli·
2461 3727 2728 3789 legebatur

535 3784 900 3896 :wislae-oque.-
931 3784 1105 3833 moliri.
1171 3785 1297 3835 vid.
1331 3788 1458 3837 Not.
1496 3786 1720 3837 Van—l
1758 3788 1877 3839 Vet.
1910 3788 2000 3840 lib.
2039 3791 2181 3855 apud
2214 3792 2391 3854 Sigon.
2422 3806 2479 3840 nc
2504 3793 2727 3856 perpauci

601 3915 632 3960 2
669 3910 802 3961 Edd.
835 3911 1068 3975 plerique
1102 3918 1224 3962 ante
1261 3913 1470 3979 Epicydi
1504 3914 1705 3969 addunt
1726 3917 2015 3982 Hippocrati
2042 3924 2111 3985 et,
2142 3934 2257 3985 quae
2279 3919 2346 3971 ab
2370 3921 2575 3985 optimis
2596 3922 2727 3974 Mas.

1521 4062 1743 4115 NOTAE

599 4162 622 4189 ¹²
660 4154 764 4203 Nec
783 4168 867 4203 ars
888 4185 902 4201 .
929 4184 942 4200 .
964 4186 979 4203 .
1003 4188 1018 4203 .
1039 4156 1164 4217 apud
1189 4154 1385 4208 (ἳνα-σοι
1413 4160 1589 4223 pudori
1672 4177 1869 4224 manos,
1912 4177 2031 4213 nan
2064 4162 2243 4215 edicto
2277 4167 2511 4228 praetoris
2542 4174 2728 4217 notan·

527 4228 628 4293 σοι]
673 4231 758 4280 Ita
795 4230 1003 4295 quidem
1029 4232 1167 4295 apud
1199 4232 1434 4298 Grecos,
1463 4238 1588 4301 quia
1674 4246 1761 4289 tur
1782 4236 1992 4289 infamia
2015 4241 2101 4304 qui
2121 4240 2473 4292 artisludicroe
2498 4257 2723 4305 pronun·

531 4304 682 4355 natio
713 4306 948 4356 comoeda
979 4317 1094 4370 ent3
1127 4308 1277 4359 aliter
1309 4312 1444 4377 apud
1483 4312 1588 4364 Ro·
1672 4312 1905 4365 tiandive
1925 4328 2079 4365 causa
2102 4314 2153 4365 iu
2178 4330 2383 4367 scenam
2404 4318 2707 4381 prodierint.
