3159 4934
571 403 748 472 2070
1523 414 1597 462 '1¹-
1644 411 1836 460 mvn

574 565 692 648 qui
738 567 981 638 essent,
1042 558 1377 635 dixerunt,
1429 557 1729 640 colloqui
1788 573 1945 620 sese
2002 573 2157 620 cum
2212 559 2507 637 praetore
2560 553 2795 618 velle.

574 667 696 731 Cn.
717 665 994 729 Fulvius
1024 662 1266 727 castris
1295 667 1614 744 praeerat:
1647 660 1759 724 cni
1788 659 1941 722 nbi¹
1964 655 2341 721 nuntiatum
2372 655 2799 735 esu'decem

571 787 660 832 ex
691 787 773 832 eo
803 784 1074 830 numero
1095 763 1308 846 jussis
1338 762 1702 826 inermibus
1729 759 1973 825 deduci
2006 759 2093 822 ad
2126 777 2228 836 se,
2259 758 2397 836 ubi,
2416 759 2575 841 qu'ae
2604 777 2799 841 pos-

569 867 876 944 tularent,
906 865 1186 939 audivit,
1217 863 1411 940 (nihil
1438 869 1661 928 autem
1693 861 1876 926 aliud
1906 861 2252 944 petebant,
2280 878 2483 943 quam
2514 866 2613 936 ut,
2634 856 2791 921 Ga-

572 987 714 1051 pua
743 974 1037 1050 recepta,
1066 968 1242 1031 bona
1297 966 1430 1030 sibi
1473 960 2009 1044 restituerentur)
2034 963 2103 1025 in
2149 961 2351 1024 fidem
2391 979 2625 1024 omnes
2654 979 2787 1025 ac·-

572 1069 770 1151 cepti.
859 1069 947 1133 Et
975 1070 1062 1132 ab
1097 1067 1307 1131 altero
1337 1073 1621 1149 praetore
1652 1064 2043 1148 Sempronio
2064 1061 2407 1127 Tuditano
2434 1061 2776 1144 oppidum

570 1169 892 1235 Aternum
913 1178 940 1206 ²
963 1166 986 1204 f
1009 1175 1482 1251 expugnatum.
1571 1166 1883 1250 Amplius
1912 1169 2165 1249 septem
2186 1163 2403 1228 millia
2420 1164 2777 1229 hominum

571 1279 792 1354 capta,
821 1278 894 1334 et
923 1271 1073 1334 aeris
1113 1271 1502 1352 argentique
1549 1269 1797 1350 signati
1842 1267 2275 1350 aliquantum.
2363 1263 2604 1330 Romae
2640 1265 2775 1331 foe-

571 1372 728 1436 dum
759 1371 1130 1436 incendium
1159 1391 1276 1456 per
1303 1371 1476 1435 duas
1501 1377 1737 1435 noctes
1766 1389 1851 1434 ac
1880 1369 2054 1434 diem
2078 1387 2285 1432 uuum
2310 1367 2567 1432 tenuit:
2612 1368 2771 1432 solo

571 1482 843 1557 aequata
873 1474 1094 1538 omnia
1123 1473 1296 1536 inter
1325 1472 1598 1536 Salinas
1618 1480 1645 1519 ⁸
1674 1491 1755 1536 ac
1786 1475 2051 1554 portam
2074 1468 2583 1545 Carmentalem,
2608 1487 2773 1533 cum

571 1572 1007 1658 AEquimaelio
1057 1573 1466 1658 Jugarioque
1487 1571 1514 1612 ¹·
1563 1573 1739 1638 vico.
1850 1571 1932 1636 In
1983 1570 2255 1655 templis
2310 1569 2624 1636 Fortunae
2680 1589 2771 1656 ac

575 1676 824 1742 Matris
856 1676 1142 1741 Matutae
1184 1683 1255 1742 et
1297 1677 1466 1760 Spei
1491 1683 1514 1725 ³
1545 1682 1735 1742 extra
1766 1671 2071 1759 portam¹
2112 1673 2252 1739 late
2284 1678 2561 1756 vagatus
2588 1673 2772 1756 ignis

569 1795 768 1841 sacra
802 1777 1210 1860 profanaque
1237 1777 1450 1840 multa
1476 1777 1827 1842 absumsit.

652 1877 764 1941 48.
811 1875 1062 1940 Eodem
1115 1894 1290 1940 anno
1340 1876 1420 1940 P.
1473 1883 1542 1940 et
1582 1874 1707 1940 Gn.
1738 1873 2059 1952 Cornelii,
2100 1895 2254 1940 cum
2300 1876 2373 1940 in
2422 1875 2769 1959 Hispania

566 1995 674 2039 res
713 1995 1054 2057 prosperae
1097 1983 1344 2052 essent,
1383 1976 1765 2060 multosque
1813 1981 1883 2039 et
1930 1984 2187 2040 veteres
2240 1977 2611 2060 reciperent
2650 1995 2763 2042 so-

567 2078 729 2156 cios,
759 2081 829 2140 et
855 2095 1071 2140 novos
1101 2075 1485 2160 adjicerent,
1517 2077 1585 2138 in
1627 2075 1928 2141 Africam
1974 2095 2245 2160 quoque
2293 2097 2479 2160 spem
2524 2085 2765 2143 exten-

567 2176 823 2242 derunt.
912 2177 1190 2261 Syphax
1245 2181 1388 2241 erat
1431 2196 1552 2242 rex
1595 2173 2093 2254 Numidarum}
2141 2178 2366 2241 subito
2418 2178 2764 2260 Carthagi·

567 2278 918 2342 niensibus
961 2278 1182 2342 hostis
1230 2277 1488 2342 factus:
1533 2276 1623 2341 ad
1672 2297 1823 2342 eum
1868 2279 2287 2344 centuriones
2326 2284 2461 2344 tres
2506 2280 2763 2363 legatos

1483 2457 1841 2480 ‘concocta-00

565 2575 632 2621 2⁰
667 2571 920 2621 Consulum
944 2571 1078 2622 ΕΜ.
1099 2577 1220 2622 ante
1239 2572 1356 2624 Jac.
1374 2571 1702 2622 (ἑκοῦσι-1
1736 2569 1755 2599 ‘
1780 2571 1935 2621 Forte
1964 2571 2070 2636 leg.
2091 2579 2147 2622 at
2170 2587 2263 2635 pro
2284 2572 2383 2637 ubi,
2404 2573 2541 2639 qnod
2565 2573 2643 2624 bis
2664 2587 2761 2638 po·

562 2637 716 2684 situm
741 2636 875 2684 haud
916 2636 1124 2698 placet!
1163 2638 1456 2700 Rupere—2
1490 2636 1636 2699 Conj.
1668 2635 1877 2684 Cluver.
1915 2638 2220 2686 ctaeemum:
2254 2638 2476 2702 Rupert.
2514 2639 2761 2700 Nemus

565 2701 646 2749 vel
674 2700 1058 2752 &amna-8
1094 2701 1218 2750 Put.
1245 2707 1464 2765 uterque
1488 2699 1612 2750 Pet.
1628 2699 1779 2749 Voss.
1804 2699 2014 2750 abolent
2033 2699 2095 2750 τὸ
2115 2701 2248 2765 Spei.

1559 2861 1775 2914 NOTAE

628 2959 919 3022 ‘Ater-num]
940 2959 1004 3008 In
1022 2961 1334 3010 Marrucinis
1345 2958 1445 3008 fuit
1464 2959 1619 3008 Ater·

562 3049 682 3082 nnm
707 3035 976 3098 oppidum,
997 3049 1026 3082 a
1046 3033 1276 3099 flumine,
1297 3036 1444 3097 cnjus
1466 3035 1617 3084 ostiis

561 3111 816 3168 imminet,
839 3109 914 3157 sic
936 3109 1151 3158 dictum.
1217 3111 1498 3158 Commune
1519 3107 1618 3158 fnit

559 3199 738 3234 eornm
796 3185 1230 3250 Vestinorumque
1285 3187 1570 3248 emporium
1596 3200 1612 3245 3

559 3260 714 3310 hodie
735 3262 959 3323 Paean-a,
980 3263 1030 3310 in
1058 3261 1277 3324 Aprutio
1300 3261 1560 3311 citeriori.

625 3344 650 3380 ι’
681 3335 822 3386 Inter
841 3336 1054 3402 Salinas]
1088 3337 1152 3386 ld
1185 3346 1285 3398 est,
1317 3353 1348 3387 a
1367 3339 1613 3400 Capitoli-

558 3410 611 3458 ni
635 3411 746 3462 t'ere
781 3413 971 3462 montis
1008 3413 1282 3471 radicibus,
1305 3414 1368 3463 sd
1389 3415 1615 3464 Tiberim

555 3481 786 3536 fluvium.
847 3487 1038 3537 Salium
1077 3488 1388 3539 dicebantur
1435 3489 1613 3540 Romae

557 3559 700 3610 locus
723 3562 810 3610 nbi
831 3563 909 3611 sal
929 3561 1130 3626 renale,
1145 3564 1282 3614 inter
1296 3565 1614 3616 Aventinum

558 3649 620 3685 ac
641 3637 889 3689 Tiberim.

621 3707 646 3740 Β
682 3711 1007 3777 Jugarioqae]
1041 3713 1286 3776 Jugarius
1315 3715 1477 3780 vicus,
1509 3732 1613 3782 quo

557 3783 626 3832 ab
643 3782 950 3847 AEqulmelio
972 3787 1040 3836 ad
1062 3788 1292 3839 Tiberim
1314 3791 1503 3852 ibatur,
1522 3809 1612 3843 no-

553 3869 672 3906 meu
695 3858 903 3920 accepit
925 3875 956 3909 a
977 3863 1168 3925 templo
1195 3864 1434 3927 ⁸lunonis,
1454 3868 1610 3933 Jugm

554 3934 880 3996 cognomine,
901 3933 954 3983 id
978 3943 1076 3993 est,
1098 3937 1320 4002 Jugalis.

640 4007 828 4058 ¹Eaerrn
867 4013 1078 4077 portam]
1110 4013 1508 4084 Carmentalem,
1539 4019 1608 4070 de
1686 4035 1802 4085 qum
1827 4021 1891 4071 ad
1915 4037 2181 4084 occasum3
2219 4031 2323 4075 tum
2342 4023 2607 4079 Sitifensis
2627 4044 2747 4096 qum
2830 4029 2845 4038 ‘

554 4095 656 4146 qna
677 4097 849 4148 supra.

623 4157 648 4192 ἱ
696 4161 806 4210 Rex
839 4161 1181 4228 Numidarum]
1215 4167 1401 4220 Plures
1457 4167 1605 4223 fuere

551 4231 896 4288 Numidarum
911 4239 1116 4304 popull:
1132 4240 1609 4298 celeberrimiMas·

1700 2969 1795 3032 syli
1816 2977 1872 3020 et
1891 2970 2183 3034 Massaesyli
2206 2983 2273 3020 ex
2297 2971 2575 3024 Strabone.
2640 2973 2757 3024 Ho-

1699 3059 1808 3092 rnm
1821 3058 1912 3093 rex
1920 3047 2154 3109 Syphax,
2170 3047 2369 3096 illorum
2385 3047 2678 3110 Masinissa,
2694 3058 2759 3099 ut

1697 3118 1885 3181 probat
1924 3119 2159 3182 Sigonius
2204 3135 2269 3169 ex
2313 3122 2573 3172 veteribus
2606 3123 2755 3173 libris

1700 3193 1943 3254 Livianis,
1966 3202 2023 3244 et
2045 3195 2421 3257 Epitomarnm.
2460 3197 2589 3246 Tota
2612 3199 2757 3260 regio

1696 3268 1831 3318 inter
1848 3267 2077 3319 Africam
2097 3271 2305 3334 proprie
2322 3271 2511 3322 dictam
2528 3280 2583 3322 et
2602 3272 2757 3323 Mau-

1697 3347 1931 3395 ritaniam
1957 3346 2057 3396 sita
2078 3346 2210 3408 fuit3
2244 3355 2299 3396 et
2332 3349 2755 3413 Masaesylorum

1698 3421 1957 3481 regionem
2002 3436 2034 3470 a
2068 3421 2385 3471 Mauritania
2418 3421 2755 3475 interfluente

1694 3495 1989 3546 Molochath
2022 3495 2233 3547 flumine
2270 3497 2433 3548 dividi
2463 3505 2643 3550 auctor
2672 3509 2759 3552 est

1694 3571 1831 3620 idem
1855 3571 2041 3621 Strabo
2065 3572 2151 3622 lib.
2176 3586 2313 3622 xvu.
2334 3587 2399 3621 ex
2426 3587 2529 3639 quo
2550 3575 2754 3626 eruitur

1692 3645 1918 3709 Syphaci
1941 3646 2313 3698 occidentalem
2336 3649 2631 3702 Numidiam
2654 3667 2751 3716 pa·

1694 3721 1888 3770 ruisset
1922 3721 1973 3770 in
2010 3721 2101 3771 illa
2121 3721 2219 3771 fuit
2244 3725 2480 3787 inprimis
2504 3726 2662 3790 θεῖα,-
2693 3727 2751 3777 in

1692 3795 1787 3846 hae
1810 3796 1963 3846 Zama
1983 3797 2137 3849 anae
2160 3799 2325 3862 regia.
2385 3801 2610 3854 Transiit
2632 3809 2752 3868 post

1692 3869 1941 3921 Numidia
1976 3872 2073 3922 sub
2104 3874 2502 3938 imperatoribus
2522 3879 2576 3928 in
2598 3879 2750 3930 Mau·

1689 3945 1890 3996 ritanioe
1940 3962 2125 3998 nomen
2148 3965 2164 4010 ς
2220 3957 2331 3999 tum
2386 3953 2748 4018 Caesariensis,

1688 4097 1754 4146 ad
1788 4105 1992 4150 ortum:
2028 4099 2117 4148 illa
2155 4099 2373 4167 Algerii,
2402 4105 2518 4158 haec
2538 4105 2744 4172 Bugiae,

1688 4187 1900 4240 regnum
1918 4174 2072 4226 hodie
2094 4185 2364 4230 vocantur.
