3159 4934
570 364 750 432 2010
1096 337 1100 344 ⁸
1528 379 1599 428 r.
1650 375 1839 429 mvn

575 526 704 604 sul,
731 545 773 590 a
818 524 1224 607 primoribus
1269 523 1553 590 accitus.
1648 525 1780 590 Die
1808 543 1937 590 uno
1967 517 2359 589 Suessulam
2394 539 2437 590 a
2466 517 2805 604 Calibus,

571 646 723 692 cum
752 623 1124 692 Vulturnus
1167 629 1380 692 amnis
1425 627 1875 711 trajicientem
1922 633 2223 691 moratus
2250 633 2452 704 esset,
2496 635 2799 692 centena

572 729 778 794 derat.
867 727 1032 794 Inde
1061 728 1370 812 proxima
1406 735 1605 794 nocte
1642 748 1765 793 sex
1805 728 2013 793 millia
2042 727 2345 814 peditum
2374 731 2799 812 equitesque

569 837 933 910 trecentos,
961 833 1078 916 qui
1127 831 1454 916 praesidio
1493 826 1755 896 senatui
1805 839 2053 908 esseut,
2086 828 2336 895 Nolam
2365 831 2743 895 intromisit
2770 850 2793 896 ε

571 943 665 1012 et,
693 935 790 1000 uti
819 954 863 999 a
891 934 1168 1000 consule
1197 935 1422 998 omnia
1461 933 1743 1018 impigre
1776 933 1955 999 sacta
1992 932 2266 998 suntad
2295 949 2794 1018 praeoccupan-

574 1036 732 1100 dam
777 1035 1054 1114 Nolam,
1097 1036 1199 1101 ita
1245 1035 1597 1100 Hannibal
1644 1045 1914 1120 tempus
1959 1036 2257 1116 terebat3
2300 1036 2407 1100 bis
2437 1033 2583 1118 jam
2616 1045 2793 1101 ante

569 1139 1014 1222 nequicquam
1065 1143 1330 1203 tentata
1387 1156 1488 1216 re,
1551 1139 1813 1220 segnior
1869 1137 1957 1202 ad
2016 1136 2425 1203 credendum
2482 1136 2793 1202 Nolanis

573 1237 832 1303 factus.

657 1341 768 1406 14.
816 1339 1066 1404 Iisdem
1115 1339 1358 1404 diebus
1413 1345 1480 1405 et
1531 1338 1626 1418 Q.
1674 1339 1928 1405 Fabius
1978 1339 2213 1405 consul
2256 1338 2343 1405 ad
2398 1339 2787 1406 Casilinum

567 1443 975 1520 tentandum,
1003 1441 1192 1526 quod
1243 1439 1560 1526 prasidio
1614 1440 1880 1507 Punico
1930 1443 2299 1519 tenebatur,
2328 1443 2548 1522 venit3
2590 1449 2661 1507 et
2684 1443 2785 1506 ad

569 1539 1046 1622 Beneventum,
1092 1545 1274 1609 velut
1317 1562 1406 1607 ex
1459 1544 1873 1626 composito,
1914 1551 2104 1627 parte
2142 1543 2358 1608 altera
2394 1543 2653 1609 Hanno
2684 1565 2785 1609 ex

569 1648 853 1713 Bruttiis
883 1667 1034 1712 cum
1070 1666 1310 1731 magna
1357 1647 1655 1730 peditum
1692 1647 2125 1730 equitumque
2168 1664 2395 1723 manu,
2424 1646 2637 1712 altera
2662 1647 2782 1711 Ti.

569 1748 926 1816 Gracchus
957 1750 1046 1815 ab
1078 1747 1375 1814 Luceria
1397 1747 1728 1812 accessit:
1759 1748 1873 1831 qui
1897 1748 2111 1831 primo
2129 1743 2456 1830 oppidum
2477 1749 2785 1815 intravit.

570 1849 856 1928 Deinde,
891 1856 962 1915 ut
991 1849 1401 1913 Hannonem
1433 1848 1562 1912 tria
1592 1846 1806 1913 millia
1828 1847 2032 1912 ferme
2058 1850 2146 1913 ab
2170 1849 2337 1914 urbe
2356 1848 2442 1916 ad
2462 1849 2781 1916 Calorem

566 1951 850 2016 fluvium
871 1959 899 1999 ¹·
949 1958 1177 2014 castra
1221 1949 1538 2034 posuisse
1586 1956 1658 2014 et
1698 1949 1858 2014 inde
1900 1969 2129 2032 agrum
2159 1952 2467 2036 populari
2496 1952 2781 2030 audivit,

568 2063 642 2119 et
689 2053 868 2138 ipse,
909 2070 1225 2136 egressus
1271 2053 1625 2130 moenibus,
1674 2051 1864 2116 mille
1908 2051 2115 2116 ferme
2167 2071 2415 2136 passus
2459 2055 2547 2118 ab
2578 2053 2781 2118 hoste

567 2159 791 2222 castra
825 2156 1026 2232 locat,
1071 2153 1299 2239 ibique
1337 2153 1733 2219 concionem
1776 2153 2061 2219 militum
2094 2153 2349 2219 habuit.
2438 2153 2777 2235 Legiones

565 2275 809 2340 magna
840 2275 932 2320 ex
963 2261 1150 2338 parte
1176 2255 1492 2320 volonum
1519 2254 1853 2335 habebat;
1878 2262 1905 2301 ‘¹
1935 2255 2051 2338 qui
2062 2255 2206 2339 jam
2232 2256 2505 2322 alterum
2528 2275 2769 2322 annum

565 2357 937 2422 libertatem
969 2356 1174 2420 tacite
1203 2356 1461 2433 mereri,
1485 2374 1688 2440 quam
1721 2355 2063 2439 postulare
2101 2358 2351 2442 palam,
2379 2360 2773 2424 maluerant.

567 2459 890 2523 Senserat
911 2463 1158 2536 tamen,
1173 2457 1484 2541 hybernis
1506 2456 1880 2539 egrediens,
1907 2475 2200 2522 murmur
2228 2460 2297 2523 in
2331 2461 2595 2542 agmine
2623 2479 2774 2526 esse

569 2559 1036 2644 quaerentium‚
1081 2561 1104 2592 '
1127 2578 1209 2622 en
1241 2577 1538 2644 unquam
1586 2558 1777 2623 liberi
1796 2565 1827 2611 ⁹
1854 2559 2199 2625 militaturi
2229 2568 2447 2626 essent
2464 2561 2518 2626 ‘2’
2559 2563 2769 2646 scrip-

565 2669 874 2746 seratque
917 2661 1214 2739 senatui,
1252 2679 1394 2725 non
1437 2667 1576 2726 tam
1622 2661 1786 2746 quid
1830 2660 2314 2742 desiderarent,
2360 2684 2565 2749 quam
2608 2665 2769 2749 quid

564 2764 1011 2830 meruissent:
1057 2768 1079 2799 ‘
1101 2766 1286 2829 bona
1331 2759 1629 2848 sortique
1672 2781 1879 2847 opera
1926 2783 2148 2828 eorum
2182 2784 2257 2829 se
2288 2765 2377 2834 ad
2408 2785 2557 2830 eam
2590 2766 2767 2831 diem

565 2883 797 2930 usum:
863 2883 1085 2946 neque
1142 2863 1229 2928 ad
1285 2865 1673 2948 exemplum
1719 2863 1893 2947 ⁸insti
1955 2865 2184 2930 militis
2238 2869 2603 2951 quicquam
2653 2870 2773 2945 eis,

565 2973 818 3048 praeter
862 2964 1265 3040 libertatem,
1319 2961 1606 3028 deesse-⁹
1694 2963 1805 3029 De
1850 2984 1937 3028 eo
1987 2966 2388 3049 permissum
2431 2969 2566 3054 ipsi
2608 2977 2769 3047 erat,

564 3063 840 3138 faceret,
872 3061 1052 3148 quod
1071 3083 1110 3127 e
1139 3081 1210 3128 re
1241 3061 1514 3146 publica
1539 3062 1813 3129 duceret
1842 3084 2023 3131 esse.
2069 3067 2312 3152 Itaque
2340 3069 2552 3155 priuS‚
2569 3092 2767 3156 quam

567 3185 720 3230 cum
753 3165 954 3230 hoste
982 3183 1253 3230 manum
1285 3179 1685 3246 consereret,
1716 3170 2120 3252 pronuntiat,
2154 3175 2176 3206 ⁸
2204 3181 2473 3256 tempus
2503 3174 2771 3240 venisse

569 3271 671 3336 eis
695 3273 750 3310 ¹0
787 3269 1146 3350 libertatis,
1183 3287 1389 3354 quam
1430 3269 1548 3335 diu
1580 3277 1991 3355 sperassent,
2022 3274 2394 3358 potiundae.
2482 3275 2767 3342 Postero

567 3371 678 3438 die
703 3373 914 3456 signis
945 3371 1211 3439 collatis
1241 3369 1705 3437 dimicaturum
1734 3392 1910 3457 puro
1936 3393 2019 3440 ac
2043 3377 2300 3460 patenti
2330 3383 2619 3462 campo:
2648 3377 2762 3446 ubi

1491 3549 1858 3576 ΝΜΟΟΝΟΟΟ

631 3669 665 3714 9
702 3666 1046 3732 Qua-rentiam,
1077 3681 1375 3734 anaqam«
1403 3669 1544 3720 liberi
1580 3669 1716 3722 md.
1755 3677 1878 3722 ante
1914 3671 2279 3724 Gronov—1⁰
2310 3674 2431 3737 Eius
2456 3675 2591 3727 Edd.
2616 3691 2646 3727 a
2669 3677 2767 3740 Cu·

1569 3829 1786 3885 1401·AE

632 3949 660 3984 ν
689 3937 772 3990 Aa
812 3939 1030 3991 Calorem
1046 3941 1282 4007 fluuium]
1315 3945 1462 3996 Allan
1497 3948 1639 3997 Cdo·
1771 3955 1797 3991 ⁴¹
1827 3945 2053 4002 Volesum
2074 3949 2297 4015 Ιιαὸεὸαί]
2330 3951 2607 4003 Servorum
2630 3967 2761 4004 nern-

567 4025 692 4066 aea.
759 4013 943 4066 Amnis
983 4025 1064 4069 est
1108 4033 1173 4068 ex
1221 4019 1498 4086 Apennino
1539 4035 1637 4086 per
1706 4037 1797 4088 pe,
1828 4028 1917 4091 qul
1957 4027 2221 4076 voluntate
2256 4041 2401 4078 arma
2429 4039 2677 4094 ceperam
2706 4029 2761 4079 li-

567 4091 908 4156 Hirpinornm
952 4092 1216 4157 regionem
1253 4095 1308 4146 in
1346 4096 1635 4148 Sabbatum
1706 4099 1925 4152 ben-tatis
1946 4101 2295 4164 ndiplseendoe
2316 4117 2488 4154 canna.

568 4163 817 4231 defluent,
839 4180 942 4217 non
967 4170 1144 4233 procul
1165 4169 1487 4224 Benevento.
1530 4174 1636 4226 Vs·
1771 4183 1792 4211 e
1810 4175 1947 4226 Pru-o
1960 4189 2017 4226 ee
2034 4178 2219 4239 patenti
2232 4181 2417 4245 σκιαρο]
2442 4180 2615 4232 Purus
2632 4195 2759 4232 cnm·

571 4249 656 4294 tus
679 4257 868 4294 nomen
890 4243 1056 4296 adbuc
1080 4246 1292 4298 retinet·
1706 4265 1805 4314 pus
1836 4251 1919 4303 bic
1954 4253 2266 4318 appellatur,
2286 4269 2409 4314 non,
2433 4263 2492 4307 ut
2524 4257 2657 4321 apud
2678 4256 2756 4319 ju·
