3159 4934
1087 405 1230 453 nnn.
1283 403 1512 468 xxiv.
1557 407 1724 455 mr.
1766 391 1829 456 3.
2376 391 2545 458 1991

354 549 493 616 Sed
523 564 650 614 arx
675 547 1013 626 Crotonis,
1049 568 1185 613 una
1231 555 1420 633 parte
1467 551 1815 614 imminens
1856 549 2096 626 mari,¹⁷
2126 550 2358 628 altera,
2401 571 2549 616 ver-

358 657 550 732 gente
603 653 674 714 in
725 670 976 732 agrum,
1021 651 1152 714 situ
1215 655 1475 716 tantum
1541 653 1831 716 naturali
1884 650 2225 734 quondam
2272 653 2547 728 munita,

357 760 602 834 postea
631 759 704 815 et
729 771 916 816 muro
947 752 1172 816 cincta
1201 761 1330 828 est,
1363 773 1496 835 qua
1545 773 1665 836 per
1712 773 1981 817 aversas
2028 771 2231 834 rupes
2260 755 2347 818 ab
2380 753 2547 817 Dio·-

357 854 631 934 nysio,¹⁷
679 853 933 918 Siciliae
979 861 1286 936 tyranno,
1339 873 1458 936 per
1507 855 1737 918 dolum
1784 853 2005 917 fuerat
2055 863 2287 936 capta.
2376 853 2545 918 Eam

358 959 500 1016 tum
529 973 766 1029 arcem,
796 957 990 1031 satis,
1021 960 1097 1017 ut
1124 955 1494 1030 videbatur,
1535 955 1829 1033 tutam,¹⁸
1880 954 2343 1020 Crotoniatum
2376 955 2545 1038 opti-

353 1059 570 1118 mates
629 1057 958 1132 tenebant,
1016 1056 1544 1122 circumsedente
1608 1077 1760 1122 cum
1819 1057 2109 1120 Bruttiis
2167 1076 2283 1121 eos
2343 1057 2541 1120 etiam

355 1153 552 1234 plebe
583 1175 728 1221 sua.
817 1156 1172 1222 Postremo
1197 1157 1463 1235 Bruttii,
1486 1177 1639 1222 cum
1668 1159 1811 1222 suis
1843 1159 2093 1222 viribus
2122 1159 2543 1240 inexpugna-

353 1255 554 1318 bilem
609 1256 910 1320 videreut
954 1277 1196 1334 arcem,
1246 1262 1470 1323 coacti
1509 1261 1929 1337 necessitate,
1959 1259 2319 1324 Hannonis
2348 1260 2545 1323 auxi·

354 1352 512 1418 lium
543 1357 916 1439 implorant.
1002 1358 1103 1435 Is,
1133 1359 1631 1424 conditionibus
1670 1361 1757 1423 ad
1800 1359 2211 1424 deditionem
2257 1360 2545 1450 compe17

353 1455 488 1520 lere
512 1454 934 1522 Crotoniatas
959 1467 1264 1536 conatae,
1285 1467 1366 1523 ut
1383 1461 1717 1524 coloniam
1738 1459 2137 1524 Bruttiorum
2166 1480 2249 1524 eo
2280 1451 2544 1537 deduci,

355 1555 834 1640 antiquamque
871 1559 1318 1642 frequentiam
1336 1567 1388 1611 ¹⁹
1415 1561 1713 1642 recipere
1732 1557 1757 1596 ¹¹
1789 1571 2055 1624 vastam
2096 1580 2179 1624 ac
2214 1561 2545 1626 desertam

353 1657 554 1722 bellis
583 1660 808 1722 urbem
853 1667 1258 1741 paterentur,
1289 1661 1574 1723 omnium
1620 1661 1967 1738 nominem,
1998 1668 2245 1743 praeter
2280 1659 2545 1724 Ariste-

350 1759 684 1836 machum,
729 1761 958 1823 movit.
1065 1759 1426 1824 Morituros
1475 1778 1548 1823 se
1592 1759 2011 1824 affirmabant
2052 1761 2273 1839 citius,
2323 1780 2545 1844 quam,

351 1859 636 1924 immixti
667 1861 976 1936 Bruttiis,
1007 1861 1076 1923 in
1109 1860 1370 1925 alienos
1397 1861 1591 1938 ritus,
1622 1881 1869 1937 mores,
1900 1861 2239 1944 legesque,
2272 1883 2355 1927 ac
2380 1881 2543 1927 mox

350 1960 639 2044 linguam
684 1963 884 2025 etiam
931 1969 1361 2026 verterentur.
1465 1960 1980 2026 Aristomachus
2027 1981 2223 2039 unus,
2274 1963 2543 2048 quando

351 2081 479 2128 nec
525 2063 873 2127 suadendo
913 2063 998 2126 ad
1034 2063 1448 2128 deditionem
1495 2065 1663 2128 satis
1708 2066 1996 2140 valebat,
2027 2084 2173 2140 nec,
2216 2067 2395 2130 sicut
2436 2085 2541 2129 ur-

351 2163 504 2226 bem
545 2162 943 2244 prodiderat,
981 2164 1204 2228 locum
1253 2164 1615 2247 prodendae
1670 2166 1842 2228 arcis
1892 2166 2295 2242 inveniebat,
2327 2173 2539 2229 trans-

350 2262 518 2344 fugit
547 2263 630 2327 ad
660 2264 1090 2330 Hannonem.
1166 2266 1538 2329 Locrenses
1569 2266 1757 2330 brevi
1786 2273 1940 2348 post
1966 2265 2191 2349 legati,
2216 2285 2371 2330 cum
2394 2286 2541 2348 per-

350 2363 564 2427 missu
613 2363 972 2458 Hannonis
1021 2385 1240 2429 arcem
1285 2367 1670 2444 intrassent,
1715 2366 2145 2449 persuadent,
2177 2376 2250 2430 ut
2282 2367 2539 2430 traduci

353 2485 430 2530 se
461 2467 527 2528 in
558 2466 776 2531 Leros
816 2473 1220 2550 paterentur,
1274 2486 1400 2532 nec
1441 2469 1671 2532 ultima
1704 2467 1995 2549 experiri
2026 2466 2293 2530 vellent.
2380 2466 2423 2530 J
2432 2485 2541 2530 am

351 2565 482 2631 hoc
515 2573 592 2630 ut
621 2568 747 2631 sibi
777 2567 1024 2646 liceret,
1053 2569 1576 2653 impetraverant
1628 2577 1693 2633 et
1744 2569 1830 2632 ab
1872 2566 2284 2644 Hannibale,
2316 2567 2541 2631 missis

351 2668 433 2731 ad
457 2669 678 2751 ipsum
697 2676 756 2707 ²⁰
772 2670 1032 2752 legatis.
1100 2671 1210 2735 Ita
1230 2668 1589 2734 Crotonem
1604 2689 1964 2734 excessum
1982 2676 2105 2745 est,
2131 2669 2541 2752 deductique

351 2768 762 2835 Crotoniatae
817 2771 903 2836 ad
953 2791 1134 2835 mare
1177 2791 1384 2835 naves
1433 2771 1912 2834 conscendunt.
2016 2770 2271 2833 Locros
2324 2769 2541 2832 omnis

349 2871 704 2936 multitudo
755 2869 1042 2936 abeunt.¹
1132 2872 1216 2934 In
1275 2871 1534 2955 Apulia
1580 2890 1665 2934 ne
1714 2871 1945 2954 hyems
1988 2869 2259 2953 quidem
2310 2870 2542 2968 quieta

1267 3015 1629 3038 OOO'OOOOO‘OOO

351 3113 486 3164 unde
511 3113 798 3164 Gronovius
819 3129 962 3164 suum
986 3113 1194 3166 effecit!
1234 3116 1550 3166 Stroth—1⁷
1593 3118 1701 3167 Una
1733 3123 1873 3180 purte
1891 3119 2139 3168 inanima
2157 3117 2281 3166 mari
2304 3116 2539 3181 plerique

347 3178 477 3228 Mu.
498 3188 552 3227 et
577 3180 711 3227 Edd.
732 3188 863 3228 autt.
899 3182 1114 3231 imminet
1137 3181 1203 3229 al.
1247 3182 1520 3230 imminente
1541 3183 1770 3230 malebat
1794 3182 2181 3241 Dominae—18
2213 3183 2344 3230 Mus.
2382 3181 2539 3244 pleri-

349 3255 468 3306 que,
499 3258 554 3292 m
577 3247 676 3292 tm
695 3259 803 3293 arce
825 3276 841 3292 .
857 3277 872 3293 .
891 3277 906 3292 .
929 3249 1052 3293 tutu.
1101 3243 1222 3294 Vid.
1247 3245 1372 3294 Not.
1401 3246 1657 3293 Van—19
1688 3246 1705 3272 ‘
1730 3245 1861 3294 Post
1876 3245 2203 3308 frequentium
2241 3247 2369 3293 Mus.
2408 3247 2541 3293 iute-

349 3315 470 3356 rnnt
491 3322 560 3362 eo.
584 3316 636 3355 et
659 3309 794 3356 Edd.
817 3321 994 3357 omues
1020 3317 1214 3371 prater
1234 3309 1436 3359 Stroth.
1461 3323 1634 3359 mm.
1702 3308 1841 3357 Illud
1865 3323 2137 3370 perperam
2162 3309 2443 3369 repetitum
2468 3309 2542 3355 vi-

348 3372 519 3426 detur,
553 3372 649 3420 hec
672 3387 700 3419 a
727 3373 1012 3421 Latinitate
1051 3372 1311 3422 abhorret.
1378 3373 1635 3422 Neutrum
1676 3385 1799 3420 vero
1830 3380 1973 3420 extat
2018 3373 2069 3420 iu
2104 3385 2209 3419 uno
2245 3370 2361 3420 cod.
2388 3384 2541 3431 quem

351 3448 468 3483 eum
489 3435 688 3484 Stroth.
708 3445 920 3486 secutus
943 3451 1074 3487 suun.
1095 3435 1422 3500 frequentium
1441 3451 1578 3486 mm
1610 3437 1747 3501 conj.
1772 3436 1933 3486 Gron.
1957 3444 2014 3485 et
2035 3435 2289 3496 Doering.
2354 3434 2540 3484 Malim

349 3629 477 3680 tium
502 3628 890 3694 haudquaquam
914 3629 1082 3679 video.
1137 3629 1262 3678 Rem
1283 3643 1404 3678 cou-
1485 3629 1681 3680 dixeri·
1693 3643 1853 3680 eorum
1864 3643 1969 3691 ope,
1986 3643 2175 3691 nempe
2190 3628 2539 3691 Bruttiernmg

345 3703 516 3755 firmat
555 3707 756 3756 Plinius
785 3707 872 3756 nb.
909 3721 970 3756 ιι.
1005 3719 1120 3770 cap.
1155 3709 1267 3756 lm.
1299 3707 1314 3733 ⁸
1339 3705 1404 3754 In
1485 3707 1621 3769 qnod
1658 3705 1831 3754 malim
1854 3719 2005 3768 quem
2041 3703 2179 3768 quod
2208 3703 2391 3770 scripti
2413 3717 2539 3754 non-

347 3782 578 3833 hcinite
599 3784 820 3834 Junonis
843 3799 934 3834 ara
965 3785 1064 3834 sub
1087 3783 1194 3833 Dio
1215 3785 1312 3833 sita
1331 3782 1402 3831 ei·
1484 3783 1633 3838 nulli,
1653 3796 1707 3830 eo
1725 3782 1953 3844 recipere.

349 3859 522 3905 nerem
561 3859 870 3908 immobilem
909 3873 1024 3908 etse
1065 3855 1403 3921 prodentibus
1545 3855 1559 3890 ¹
1595 3857 1935 3906 Locrumnir
1954 3857 2205 3906 multitudo
2218 3854 2415 3918 obeunt]
2448 3855 2537 3905 In-

349 3931 580 3995 uudique
603 3933 876 3997 procellis!
1485 3933 1665 3996 telligo
1686 3933 2065 3983 multitudinem
2092 3935 2422 3997 optimarum,
2446 3933 2535 3997 qui

414 4005 440 4040 Β
453 4009 818 4072 'Antiquamque
838 4009 1158 4074 frequentiam
1197 4007 1404 4071 [aarum]
1485 4024 1603 4059 eum
1624 4009 1729 4059 suis
1752 4009 1805 4057 iu
1826 4023 1999 4058 urcem
2020 4007 2385 4072 coufugernntz
2420 4019 2536 4055 nam

349 4073 579 4147 recipere]
628 4085 796 4134 Recte
831 4095 980 4135 notat
1019 4086 1245 4135 Gronov.
1281 4084 1403 4133 nihil
1483 4085 1653 4147 plebs,
1694 4099 1810 4148 quae
1856 4097 2037 4134 revera
2078 4083 2359 4134 multitudo
2405 4087 2539 4141 erat,

352 4158 419 4208 ad·
439 4173 552 4209 rem
574 4157 750 4209 faeere
781 4160 838 4210 σὺ
857 4177 1028 4218 eorm,
1063 4161 1161 4210 uisi
1199 4160 1403 4210 seilicet
1482 4159 1721 4209 Bruttios
1757 4169 2056 4223 acceperat.
2138 4161 2245 4208 Cur
2286 4159 2459 4206 autem
2504 4171 2537 4204 a

350 4235 546 4302 aliquid
593 4235 852 4286 addatur:
903 4237 1058 4300 plana
1093 4249 1176 4286 res
1213 4235 1330 4298 erit,
1359 4236 1402 4286 ei
1484 4234 1827 4286 Locrensibus
1853 4237 2027 4288 vocati
2047 4233 2245 4284 fuerint
2276 4238 2332 4283 et
2360 4229 2415 4282 in
2454 4243 2536 4281 ur·
