3159 4934
1133 451 1279 500 ffln.
1326 450 1518 500 xxv.
1566 453 1728 502 car.
1771 440 1839 505 7.
2408 438 2581 506 2091

399 590 754 675 pugnando
785 610 1080 673 quaerere
1108 592 1503 659 libertatem.
1588 594 1721 661 Vis
1746 602 1815 661 tu
1860 593 2049 675 mari,
2078 595 2185 660 vis
2240 603 2438 675 terra,
2483 600 2584 662 vis

401 694 570 770 acie,
617 693 716 756 vis
746 694 1022 757 urbibus
1051 697 1516 777 oppugnandis
1547 699 1843 781 experiri
1878 698 2190 763 virtutem
2213 698 2244 761 ‘l
2335 696 2582 782 Asper-

396 794 569 857 'rima
613 810 900 876 quaeque
950 794 1034 859 ad
1085 795 1382 859 laborem
1441 800 1933 882 periculumque
1992 798 2437 881 deposcimus»,
2485 804 2587 873 ut,

401 894 584 979 quod
613 894 700 959 ad
733 894 998 959 Cannas
1044 894 1427 960 faciendum
1484 898 1633 976 suit,
1664 920 1863 983 quam
1896 899 2179 981 primum
2212 898 2377 979 fiat3
2419 918 2588 982 quo-

401 996 603 1072 niam,
631 997 954 1081 quicquid
985 1003 1222 1080 postea
1247 999 1563 1077 viximus,
1619 1000 1687 1063 id
1736 1020 1930 1064 omne
1963 1000 2369 1068 destinatum
2398 1000 2586 1080 igno—

401 1097 626 1161 minioe
658 1096 805 1162 est!

487 1198 551 1261 7.
624 1198 769 1263 Sub
815 1198 962 1263 baec
1014 1196 1192 1263 dicta
1259 1200 1346 1263 ad
1405 1220 1619 1281 genua
1686 1200 2001 1267 Marcelli
2062 1202 2587 1285 procubuerunt.

405 1296 770 1364 Marcellus
799 1299 868 1363 id
899 1318 1020 1363 nec
1039 1300 1236 1383 juris,
1279 1319 1402 1365 nec
1435 1303 1790 1384 potestatis
1820 1322 1963 1367 suae
1992 1322 2144 1367 esse
2177 1303 2377 1366 dixit.
2464 1303 2590 1367 Se-

403 1402 588 1463 natui
617 1402 1020 1485 scripturum
1050 1421 1145 1478 se,
1175 1402 1530 1483 omniaque
1561 1403 1647 1467 dc
1679 1407 2017 1469 sententia
2054 1404 2334 1469 Patrum
2369 1403 2591 1467 sactu-

404 1518 548 1563 rum
571 1520 746 1565 esse.
779 1501 916 1566 Hae
933 1501 1146 1566 literae
1169 1502 1254 1565 ad
1279 1521 1498 1567 novos
1517 1504 1829 1567 consules
1860 1503 2108 1582 allatae,
2134 1522 2215 1567 ac
2236 1523 2353 1584 per
2372 1522 2495 1567 eos
2526 1505 2592 1567 in

407 1610 641 1667 senatu
672 1603 968 1667 recitatae
1001 1610 1192 1666 sunt:
1223 1603 1711 1686 consultusque
1742 1604 1828 1667 de
1856 1604 1963 1668 his
1992 1605 2205 1669 literis
2240 1606 2338 1668 ita
2368 1604 2592 1668 decre·

405 1704 506 1767 vit
535 1711 854 1770 senatus:
905 1707 928 1738 ‘
948 1703 1304 1781 Militibus,
1334 1705 1450 1788 qui
1481 1703 1568 1767 ad
1600 1703 1875 1769 Cannas
1905 1700 2396 1769 commilitones
2428 1724 2595 1769 suos

405 1811 774 1886 pugnantes
802 1806 1282 1882 deseruissent,
1325 1812 1631 1870 senatum
1662 1806 1826 1870 nihil
1858 1806 2106 1882 videre,
2139 1825 2257 1869 cur
2286 1825 2395 1870 res
2423 1808 2594 1889 pub-

406 1904 545 1971 lica
573 1907 1048 1972 committenda
1085 1904 1272 1971 sit.⁶⁰
1357 1908 1435 1973 Si
1479 1908 1580 1972 Μ.
1637 1907 1921 1973 Clau'dio
1970 1907 2355 1990 proconsuli
2401 1907 2597 1971 aliter

395 2005 763 2093 videretur,
803 2008 1072 2085 faceret,
1120 2008 1297 2092 quod
1324 2029 1363 2072 e
1396 2030 1465 2074 re
1497 2010 1771 2095 publica
1814 2009 2080 2093 fideque
2122 2028 2251 2073 sua
2282 2008 2595 2087 duceret3

407 2106 565 2170 dum
593 2127 678 2170 ne
707 2110 857 2190 quis
885 2127 1108 2172 eorum
1137 2128 1402 2173 munere
1433 2108 1758 2185 vacaret!
1790 2128 1923 2173 neu
1956 2110 2133 2173 dono
2158 2109 2434 2174 militari
2464 2110 2595 2171 vir·

407 2207 574 2271 tutis
625 2226 780 2288 ergo
817 2207 1192 2285 donaretur,
1245 2226 1376 2271 neu
1420 2208 1486 2270 in
1539 2207 1807 2272 Italiam
1858 2216 2325 2290 reportaretur,
2378 2207 2595 2272 donec

409 2307 626 2371 hostis
673 2309 742 2372 in
785 2314 956 2372 terra
1010 2307 1260 2371 Italia⁷
1305 2308 1525 2373 esset!
1610 2308 1903 2374 Comitia
1932 2308 2171 2373 deinde
2217 2329 2260 2373 a
2308 2315 2595 2391 praetore

411 2409 664 2471 urbano
697 2408 782 2473 de
829 2417 1096 2472 senatus
1138 2410 1460 2474 sententia
1501 2410 1851 2492 plebisque
1902 2409 2078 2473 scitu
2131 2417 2280 2475 sunt
2325 2410 2595 2473 habita:

409 2508 654 2591 quibus
685 2510 894 2573 creati
926 2514 1082 2573 sunt
1111 2510 1527 2593 quinqueviri
1571 2511 1777 2575 muris
1824 2510 2255 2593 turribusque
2299 2509 2600 2574 reficien-

411 2610 540 2686 dis,
592 2618 660 2675 et
715 2609 1040 2675 triumviri
1095 2611 1273 2690 bini3
1319 2613 1432 2673 uni
1484 2612 1697 2675 sacris
1757 2611 2219 2693 conquirendis
2278 2611 2599 2693 donisque

409 2710 867 2793 persignandis
891 2719 956 2789 31³
999 2711 1188 2775 alteri
1231 2710 1613 2775 reficiendis
1642 2712 1897 2777 aedibus
1928 2710 2241 2777 Fortunae
2272 2720 2342 2775 et
2369 2711 2601 2775 matris

467 2890 502 2934 s
528 2893 674 2942 Modo
691 2906 854 2942 eoram
873 2893 1028 2943 nullus
1047 2890 1341 2940 emtionem
1361 2904 1552 2939 numm
1573 2889 1856 2940 militarium
1876 2890 2089 2939 haberet.

1328 3030 1477 3051 ‘m‘
1481 3031 1690 3052 OOOOOOO

479 3137 513 3181 o
547 3131 748 3181 Senatu
778 3131 902 3181 nim
934 3132 1087 3181 videri
1121 3131 1452 3195 rempublicam
1482 3131 1863 3183 committendam
1882 3146 1980 3181 me
2010 3132 2144 3182 Edd.
2168 3136 2287 3182 nnte
2307 3130 2603 3181 Gronov.—

1397 3259 1613 3309 NOTAE

479 3365 504 3391 ⁶
535 3356 758 3407 Senatum
775 3356 898 3405 nihil
917 3357 1076 3406 nidere
1097 3355 1310 3419 [senatm'
1344 3354 1468 3403 nihil

413 3430 590 3493 videri]
621 3445 706 3481 eur
727 3445 802 3480 res
819 3432 1004 3494 publica
1034 3432 1367 3480 commitenda
1395 3444 1466 3479 ea·

416 3505 514 3567 ret]
546 3507 630 3555 Ita
659 3506 850 3567 malim,
879 3506 1180 3567 conjectura
1212 3504 1370 3555 ducta
1401 3518 1468 3553 ex

419 3581 563 3630 Colb.
584 3581 699 3631 cod.
732 3580 838 3634 ubi,
860 3580 1060 3630 Senatui
1088 3580 1208 3629 nillil
1227 3581 1470 3629 videretur·

417 3670 495 3706 res
532 3671 584 3719 p.
627 3657 960 3705 committenda
993 3670 1108 3718 me,
1152 3670 1254 3706 non
1289 3657 1468 3711 solum,

419 3746 568 3796 qnam
614 3739 672 3780 nt
715 3731 882 3794 vulgo,
927 3730 1126 3781 Senatui
1166 3730 1286 3780 nihil
1316 3729 1471 3779 videri

415 3822 518 3856 rem
547 3807 780 3869 publicam
813 3806 1192 3855 committendam
1225 3820 1344 3869 me,
1377 3805 1468 3853 sed

423 3882 580 3930 etiam
623 3896 795 3945 quarn,
849 3890 908 3932 nt
944 3882 1129 3930 scribit
1160 3882 1324 3930 Gron.
1365 3880 1468 3930 levi

421 3956 704 4007 mutatione
739 3968 806 4004 ex
843 3956 967 4005 Pnt.
1001 3964 1058 4005 et
1096 3956 1215 4005 Pet.
1247 3954 1472 4004 Senatum

419 4030 544 4079 nihil
561 4030 722 4079 videre
737 4044 823 4078 cur·
841 4044 920 4079 reu
935 4031 1123 4094 publica
1141 4032 1473 4079 committenda

419 4108 502 4158 rit.
580 4108 784 4156 Etenim
837 4108 1056 4158 solennis
1109 4106 1473 4173 pronuntiandi

423 4183 644 4233 formula
686 4195 864 4232 vocem
901 4185 1149 4247 passivam
1187 4184 1339 4232 videri
1381 4196 1472 4245 po-

424 4261 526 4310 tins
563 4266 722 4323 amat,
755 4272 905 4323 quam
941 4260 1162 4311 activam
1194 4261 1372 4323 videre,
1411 4266 1470 4309 ut

1547 3354 1709 3405 cuivis
1731 3363 1927 3405 notum.

1608 3438 1633 3473 Ρ
1650 3430 1747 3480 Uni
1760 3431 1909 3479 meris
1923 3428 2248 3491 conquirendis
2263 3426 2484 3488 donisque
2499 3441 2602 3489 per-

1543 3506 1817 3569 signandis]
1852 3506 2037 3555 Potest
2057 3503 2275 3565 intelligi
2298 3503 2604 3565 conquisitio

1549 3582 1631 3630 vei
1666 3582 1915 3631 librorum
1947 3592 2225 3639 sacrorum,
2259 3578 2340 3625 vel
2378 3576 2605 3639 piaculo-

1550 3672 1659 3707 rum
1684 3657 1861 3722 primis
1885 3657 2025 3705 hisce
2048 3653 2322 3702 triumviris
2346 3651 2603 3701 mandata.

1548 3735 1833 3785 Gutberius
1868 3732 2193 3795 improbante
2215 3730 2441 3780 Gronov.
2476 3729 2605 3793 legit

1546 3808 1881 3870 coinquinant,
1926 3806 2059 3871 quod
2101 3804 2309 3853 verbnm
2344 3803 2410 3852 de
2444 3804 2604 3853 sacris

1549 3888 1751 3931 tantum
1784 3882 1915 3931 lucis
1950 3879 2278 3943 amputandis
2310 3880 2395 3929 hic
2434 3878 2603 3941 accipi

1550 3963 1757 4021 posset3
1791 3970 1907 4005 unm
1952 3955 2089 4018 apud
2125 3956 2336 4004 Festum
2368 3955 2608 4017 coinquire

1551 4042 1651 4088 est,
1676 4032 1963 4093 deputare;
1998 4044 2162 4093 eoque
2193 4030 2351 4078 verbo
2372 4030 2453 4077 usi
2483 4035 2603 4077 sunt

1551 4106 1649 4156 boc
1671 4120 1821 4155 sensu
1837 4105 2212 4170 jurisconsulti.
2280 4104 2545 4166 Alpheum
2567 4103 2604 4152 1.

1553 4194 1714 4231 xxix.
1759 4178 1815 4229 ff.
1859 4180 2103 4242 ‘locutu’
2144 4186 2200 4228 et
2242 4178 2437 4227 Paulus
2476 4177 2511 4225 Ι.
2548 4190 2604 4227 v,

1546 4259 1563 4286 ⁸
1585 4257 1823 4308 arborum
1854 4255 2031 4306 furtim
2055 4252 2335 4305 cesarum?
2402 4252 2605 4315 Persis-
