3159 4934
580 373 755 438 2160
1512 389 1586 440 r.
1633 389 1832 439 mvn

585 537 1027 610 timaei-ann*
1064 541 1137 600 et
1188 533 1397 598 territi
1448 533 1707 614 hostes,
1755 539 2200 618 praeterquam
2241 533 2426 618 quod
2473 535 2778 602 maxima

584 645 773 724 parte
806 636 1039 701 virium
1073 655 1345 702 suarum
1376 656 1505 701 non
1527 637 1960 720 juvabantur,
1984 635 2220 700 timore
2243 636 2446 701 etiam
2471 638 2780 714 incusso,

584 759 669 804 ne
696 740 781 804 ab
812 758 934 804 suo
962 744 1027 802 et
1052 739 1185 822 ipsi
1214 739 1435 822 equite
1464 745 2022 822 oppugnarentur.
2084 736 2326 820 Itaque
2347 737 2524 802 haud
2554 742 2780 821 magni

584 841 966 906 certaminis
986 838 1187 906 fuit-¹⁶
1205 846 1232 876 ⁰
1276 839 1544 904 Primus
1562 839 1815 904 clamor
1843 846 2046 922 atque
2069 840 2362 922 impetus
2387 857 2522 903 rem
2545 839 2778 904 decre-

586 941 702 1006 vit.
792 940 1141 1018 Numidae,
1172 959 1327 1005 cum
1360 940 1428 1004 in
1472 959 1802 1004 concursu
1843 940 2060 1023 quieti
2102 940 2440 1006 stetissent
2465 942 2536 1004 in
2563 943 2779 1008 corni-

586 1042 737 1120 bus,
766 1047 840 1106 ut
882 1049 1063 1124 terga
1092 1042 1321 1107 dantes
1354 1061 1513 1107 suos
1554 1042 1886 1120 viderunt,
1918 1043 2098 1124 fugae
2131 1046 2388 1106 tantum
2419 1061 2783 1128 parumper

588 1145 867 1208 comites
896 1144 1082 1224 sacti,
1114 1150 1471 1228 postquam
1504 1163 1736 1210 omnes
1767 1144 2198 1226 Agrigentum
2225 1144 2486 1228 trepido
2521 1147 2782 1228 agmine

588 1253 893 1328 petentes
920 1246 1241 1325 viderunt,
1270 1247 1405 1330 ipsi
1432 1256 1615 1311 metu
1655 1246 2024 1314 obsidionis
2054 1247 2316 1330 passim
2355 1247 2428 1310 in
2473 1249 2784 1314 civitates

585 1348 929 1430 proximas
977 1347 1247 1432 dilapsi.
1334 1347 1559 1412 Multa
1599 1348 1809 1412 millia
1851 1347 2192 1412 hominnm
2221 1367 2410 1413 caesa
2447 1355 2784 1434 captaque

588 1452 657 1545 et
683 1455 837 1514 octo
868 1449 1233 1532 elephanti.
1321 1450 1500 1515 Hoec
1548 1449 1786 1515 ultima
1829 1451 1898 1514 in
1943 1449 2183 1516 Sicilia
2225 1448 2534 1516 Marcelli
2567 1472 2787 1535 pugna

588 1550 741 1615 fuit.
828 1549 1070 1617 Victor
1112 1552 1273 1616 inde
1316 1553 1690 1636 Syracusas
1733 1553 1950 1617 rediit.
1988 1549 2002 1560 '
2041 1551 2198 1620 Jam
2241 1550 2447 1616 ferme
2490 1554 2560 1616 in
2599 1555 2788 1620 exitu

591 1672 806 1718 annus
835 1663 1000 1732 erat.
1087 1654 1335 1738 Itaque
1368 1661 1646 1720 senatus
1677 1653 1920 1719 Romae
1958 1653 2280 1730 decrevit,
2307 1660 2383 1719 ut
2427 1653 2511 1722 P.
2543 1655 2787 1720 Corne-

590 1755 723 1820 lius
768 1765 1022 1838 praetor
1064 1757 1297 1821 literas
1352 1755 1658 1839 Capuam
1709 1755 1796 1821 ad
1849 1757 2161 1822 consules
2217 1755 2554 1822 mitteret:
2629 1758 2788 1822 dnm

596 1855 948 1922 Hannibal
988 1857 1224 1941 procul
1270 1858 1563 1934 abesset,
1615 1876 1737 1922 nec
1780 1858 1920 1923 ulla
1968 1858 2191 1940 magni
2235 1857 2646 1924 discriminis
2685 1878 2787 1924 ree

595 1955 682 2020 ad
714 1955 1019 2038 Capuam
1064 1962 1418 2038 gereretur,
1448 1958 1614 2022 alter
1641 1977 1895 2037 eorum,
1927 1961 1988 2023 si
2015 1959 2110 2024 ita
2142 1959 2498 2039 videretur,
2529 1961 2622 2026 ad
2651 1981 2791 2026 ma·

595 2059 909 2137 gistratus
960 2057 1424 2140 subrogandos
1470 2057 1758 2123 Romam
1813 2059 2091 2124 veniret.
2179 2060 2430 2124 Literis
2468 2064 2790 2145 acceptis,

593 2158 765 2222 inter
792 2179 864 2222 se
893 2161 1204 2224 consules
1255 2167 1745 2242 compararunt,
1783 2167 1862 2223 ut
1908 2159 2230 2224 Claudius
2283 2164 2556 2227 comitia
2595 2163 2792 2246 perli-

598 2265 802 2334 ceret,
860 2261 1140 2324 Fulvius
1185 2261 1271 2326 ad
1321 2260 1628 2343 Capuam
1677 2269 1994 2326 maneret.
2083 2259 2418 2328 Consules
2462 2263 2791 2330 Claudius

606 2362 864 2424 creavit
890 2359 1016 2424 Cn.
1042 2360 1862 2426 Fulvium-Centumalum
1882 2366 1931 2411 ¹⁷
1948 2368 2030 2427 ,et
2054 2361 2138 2426 P.
2165 2363 2542 2448 Sulpicium
2573 2365 2792 2434 Servii

598 2460 805 2525 filium
862 2459 1181 2538 Galbam,
1240 2462 1361 2544 qui
1418 2463 1671 2526 nullum
1729 2468 1924 2528 antea
1990 2465 2281 2529 curulem
2336 2467 2792 2548 magistratum

598 2563 941 2644 gessisset.
1028 2561 1365 2627 Praetores
1396 2563 1638 2628 deinde
1677 2567 1911 2643 creati,
1944 2563 2025 2629 L.
2056 2564 2408 2634 Cornelius
2439 2567 2790 2650 Lentulus,

603 2663 706 2726 Μ.
748 2661 1103 2728 Cornelius
1132 2663 1493 2747 Cethegus,
1524 2666 1602 2732 C.
1645 2666 2012 2751 Sulpicius,
2045 2666 2126 2732 C·
2168 2667 2572 2750 Calpurnius
2603 2670 2790 2736 Piso.

602 2765 832 2832 Pisoni
854 2767 1025 2851 juris
1064 2766 1272 2834 dictio
1296 2769 1574 2846 urbana,
1613 2769 1920 2854 Sulpicio
1959 2768 2249 2851 Sicilia,1'
2282 2769 2578 2856 Cethego
2603 2772 2790 2858 Apu-

1528 2933 1858 2956 ”mme
1863 2933 1892 2952 0

604 3053 709 3089 aeut
734 3039 860 3088 Mas.
882 3046 938 3088 et
960 3039 1095 3089 Edd.
1130 3045 1252 3089 ante
1280 3039 1579 3090 Drah-lo
1625 3041 1777 3090 ΗΜ
1795 3055 1970 3102 magna
2003 3042 2080 3092 vis
2097 3044 2373 3096 amamini·
2383 3044 2492 3107 fait
2513 3045 2649 3096 Edd.
2674 3053 2796 3097 ante

607 3101 965 3153 ὤσαιμι-17
1000 3103 1084 3154 ΑΙ.
1111 3105 1572 3155 Centimalum—18
1605 3105 1726 3154 vid.
1747 3103 1839 3154 inf.
1863 3112 1918 3156 et
1939 3107 2071 3156 Not.
2093 3109 2216 3158 Var.

1598 3216 1810 3269 Nomi

674 3319 698 3346 ⁸
720 3313 871 3370 Quem
887 3315 1095 3365 mxime
1110 3315 1389 3379 ἄπιοι-σπι]
1422 3315 1665 3380 Equitem
1745 3316 1866 3366 nelii
1888 3317 2079 3368 Sicilia
2105 3320 2345 3382 praitoris
2379 3324 2573 3374 mentio
2595 3321 2687 3374 liat
2705 3323 2804 3374 nb.

608 3404 814 3454 nempe.
836 3393 947 3442 sive
968 3395 1255 3457 equitatum
1280 3394 1634 3444 Numidicum.
1747 3395 1984 3456 proxime
2021 3396 2258 3460 sequenti
2295 3411 2415 3462 cap.
2436 3403 2519 3447 21.
2545 3407 2599 3448 et
2619 3403 2700 3452 28.
2723 3399 2802 3450 ita

672 3477 697 3502 ⁶
715 3469 866 3520 Haud
883 3471 1049 3532 mma·
1070 3473 1269 3536 [negas
1282 3469 1377 3534 eis]
1396 3471 1668 3521 eertundais
1745 3475 1806 3518 ut
1829 3478 2078 3533 appareat
2107 3471 2156 3520 ei
2183 3471 2410 3523 Siciliam
2433 3488 2534 3523 non
2557 3474 2802 3539 Apuliam

600 3546 729 3611 fait]
789 3547 972 3598 Placet
1012 3548 1177 3610 magis
1216 3546 1503 3607 Gronovio,
1541 3549 1669 3596 baad
1748 3544 2012 3607 obtigisse.
2036 3547 2227 3611 Neque
2243 3549 2558 3600 audiendum
2581 3553 2652 3601 ait
2675 3551 2804 3604 Gla-

610 3621 775 3684 nagns‘
794 3622 1210 3683 certaniinisssit:
1242 3621 1378 3686 qnod
1403 3629 1458 3672 et
1480 3623 1532 3672 in
1550 3623 1664 3672 Col·
1749 3635 1908 3670 resnu
1928 3636 1976 3670 m
1997 3624 2082 3687 qui
2121 3632 2273 3687 putat
2310 3624 2381 3674 ibi
2409 3627 2470 3675 Ρ.
2507 3627 2804 3680 Cornelia-

614 3697 751 3748 bert.
788 3701 954 3749 altero
982 3705 1161 3748 extat:
1199 3699 1431 3761 placeret
1450 3705 1505 3748 et
1525 3698 1670 3760 mihi,
1747 3697 2157 3763 intelligendum,
2187 3703 2273 3764 qni
2297 3702 2349 3750 in
2373 3703 2552 3752 Sicilia
2573 3719 2806 3770 propre·

614 3773 659 3822 si
699 3773 935 3822 additum
980 3773 1167 3823 alicubi
1220 3774 1533 3837 reperiretur
1576 3789 1672 3824 no·-
1748 3781 1862 3824 tore
1893 3785 2028 3839 erat,
2060 3790 2164 3825 non
2185 3777 2474 3828 Cornelium
2512 3781 2806 3832 Lentulum.

612 3861 733 3896 men
765 3861 861 3908 res,
895 3847 1031 3911 qnod
1072 3849 1159 3898 ille
1196 3863 1262 3898 ex
1308 3850 1539 3912 proxime
1587 3865 1668 3901 se·
1746 3849 1938 3900 Verum
1977 3866 2008 3899 a
2049 3852 2196 3902 Livio
2241 3853 2311 3904 ibi
2353 3869 2454 3906 non
2498 3857 2562 3906 Ρ.
2599 3857 2691 3908 sed
2729 3859 2809 3910 M.

616 3921 796 3988 quenti
819 3922 1030 3984 periodo
1052 3931 1281 3972 revocat.
1488 3969 1494 3976 .
1749 3925 2018 3976 Cornelius
2057 3938 2396 3980 memoratur:
2433 3938 2684 3996 notatque
2725 3935 2814 3984 Si·

681 4005 707 4040 r
740 3997 906 4047 Pisoni
926 3997 1061 4058 juris
1074 3998 1223 4060 dictio
1238 3999 1437 4064 ιινὸαιιιι,
1455 4000 1668 4065 Sulpicio
1746 4002 1946 4064 genius.
1989 4003 2126 4066 quod
2170 4003 2292 4054 alibi
2337 4020 2367 4054 a
2407 4005 2554 4055 nobis
2598 4022 2806 4074 quoque

616 4071 813 4134 Sicilia]
848 4071 984 4124 Livii
1014 4073 1174 4123 verba
1208 4075 1391 4124 mutila
1427 4083 1518 4126 aut
1554 4091 1667 4127 eor-
1748 4075 2098 4133 observatum,
2132 4077 2262 4128 duas
2283 4079 2383 4128 illis
2409 4081 2729 4146 temporibus
2749 4084 2807 4134 in

618 4157 772 4212 rupta
792 4149 995 4214 ubique.
1035 4148 1278 4210 Sigonius
1291 4149 1437 4214 legit,
1460 4149 1671 4217 &apicio
1747 4151 1929 4202 Sicilia
1971 4153 2259 4217 provincias
2303 4153 2501 4206 fuisse:
2558 4164 2810 4224 veterem,

619 4225 819 4290 Apulis,
843 4225 1049 4288 Cethego
1072 4223 1267 4290 Sicilia,
1289 4225 1425 4290 quod
1450 4227 1527 4278 M.
1550 4229 1670 4278 Cor·
1744 4228 1950 4293 jamdiu
1989 4229 2503 4298 Carthaginiensibus
2543 4242 2814 4303 ereptam..
