3159 4934
1097 404 1242 452 ιιι.
1291 402 1556 459 xxvrr.
1600 402 1763 453 cn.
1805 388 1914 453 45.
2420 388 2593 460 23⁷5

401 542 746 635 profectus
775 548 884 628 sit,
914 568 999 616 eo
1027 548 1244 633 ipsos,
1270 553 1888 633 quantumcumque
1920 544 2587 619 viriummomeutum

401 652 796 728 addiderint,
839 672 972 719 rem
1023 671 1285 717 omnem
1335 650 1823 717 inclinaturos!
1907 648 2235 717 Auditum
2280 654 2479 721 modo
2522 659 2591 723 in

401 757 572 835 acie,
613 754 828 841 (nam,
849 773 952 818 -ne
991 759 1146 819 ante
1187 752 1572 830 audiretur,¹
1622 752 1925 817 daturum
1966 752 2275 837 operam)
2312 757 2587 825 alterum

404 860 745 925 consulem
797 863 868 922 et
919 856 1198 923 alterum
1245 856 1614 920 exercitum
1662 855 2039 932 advenisse,
2088 857 2263 923 baud
2312 859 2587 928 dubiam

399 962 749 1027 victoriam
800 960 1178 1025 facturum.'
1241 957 1520 1024 Famam
1573 959 1819 1024 bellum
1870 958 2222 1038 conficere,
2273 968 2343 1026 et
2382 976 2593 1046 parva

399 1070 732 1128 momenta
779 1063 851 1127 in
903 1056 1520 1145 spem'metumque
1571 1061 1914 1145 impellere
1966 1064 2245 1129 animos.
2333 1064 2587 1133 Gloriae

399 1165 668 1250 quidem
720 1184 811 1229 ex
856 1184 924 1228 re
976 1162 1150 1227 bene
1202 1170 1396 1246 gesta
1440 1167 1695 1246 partae²
1742 1162 2025 1227 fructum
2070 1184 2283 1249 prope
2330 1186 2589 1233 omnem

397 1268 586 1353 ipsos
629 1268 904 1332 laturos.
993 1266 1298 1349 Semper,
1329 1266 1510 1351 quod
1555 1273 1959 1349 postremum
2002 1266 2341 1351 adjectum
2376 1270 2489 1350 sit,
2521 1272 2590 1337 id

397 1390 536 1435 rem
583 1378 795 1435 totam
838 1368 1043 1435 videri
1083 1368 1394 1433 traxisse.
1481 1366 1767 1433 Cernere
1808 1370 2026 1452 ipsos,
2060 1390 2195 1453 quo
2238 1392 2587 1452 concursu,

397 1494 534 1557 qua
579 1472 1048 1549 admiratione,
1077 1490 1214 1556 quo
1260 1469 1488 1535 favore
1527 1453 1885 1535 bominum'
1906 1472 2033 1537 iter
2073 1492 2263 1557 suum
2296 1476 2591 1543 celebre-

375 1575 550 1651 ,ιω-3
627 1576 740 1655 Et,
771 1574 1093 1652 Hercule,
1123 1594 1243 1658 per
1271 1573 1596 1638 instructa
1622 1574 1890 1637 omniass
1920 1573 2267 1641 ordinibus
2298 1578 2591 1647 virorum

399 1678 906 1761 mulierumque,
953 1676 1246 1760 undique
1289 1694 1379 1745 ex
1423 1676 1601 1757 agris
1644 1673 2029 1754 effusorum,
2074 1677 2239 1743 inter
2283 1686 2439 1745 vota
2480 1689 2587 1746 et³

397 1800 638 1865 preces
685 1788 752 1847 et
795 1780 1034 1846 laudes
1081 1779 1310 1843 ibant:
1356 1778 1512 1844 illos
1549 1777 1863 1861 praesidia
1906 1779 2000 1844 rei
2030 1780 2346 1875 publicm,
2379 1783 2591 1851 vindi·
2648 1854 2659 1867 ‚

397 1903 516 1947 ces
555 1884 740 1947 urbis
777 1881 1022 1947 Romae
1053 1882 1456 1966 imperiique
1487 1879 1959 1963 appellabant:
2003 1882 2070 1946 in
2098 1882 2361 1950 illorum
2390 1891 2591 1955 armis

398 1985 792 2070 dextrisque
819 2004 1012 2050 suam
1039 1974 1452 2067 liberumque
1481 1970 1753 2046 suorum
1783 1981 2071 2071 salutem
2102 2005 2185 2051 ac
2211 1985 2588 2056 libertatem

397 2087 756 2170 repositam
785 2106 952 2151 esse.
1029 2085 1230 2165 ,Deos
1259 2103 1488 2149 omnes
1515 2082 1845 2169 Deasque
1874 2088 2331 2168 precabantur,
2356 2098 2429 2156 ut
2450 2093 2591 2157 illis

396 2190 688 2255 faustum
735 2192 886 2267 iter,
915 2188 1218 2271 felixque
1263 2204 1509 2270 pugna,
1539 2193 1799 2253 matura
1838 2207 1923 2251 ex
1963 2187 2275 2255 hostibus
2310 2194 2591 2263 victoria

352 2354 372 2361 -
397 2302 605 2371 esset,
635 2292 1240 2373 damnarenturque
1268 2291 1404 2373 ipsi
1433 2297 1763 2367 votorum,
1795 2310 1947 2373 quae
1980 2310 2101 2374 pro
2130 2292 2215 2355 iis
2248 2298 2593 2379 suscepis-

399 2402 585 2475 sent;
629 2403 728 2472 ut,
762 2393 1318 2478 quemadmodum
1349 2413 1525 2458 nunc
1569 2393 1819 2459 soliciti
1862 2404 2414 2477 prosequerentur
2451 2420 2591 2479 eos,

395 2499 495 2562 ita
529 2516 791 2580 paucos
828 2503 986 2580 post
1014 2494 1162 2559 dies
1191 2495 1336 2560 laeti
1377 2494 1739 2559 ovantibus
1769 2494 2053 2560 victoria
2082 2498 2353 2563 obviam
2398 2502 2589 2567 irent.

396 2598 692 2665 Invitare
718 2598 872 2662 inde
902 2617 1026 2681 pro
1051 2617 1126 2661 se
1151 2599 1439 2681 quisque
1465 2604 1535 2659 et
1558 2595 1791 2660 offerre
1812 2604 1881 2661 et
1898 2597 2225 2679 fatigare4
2253 2603 2586 2684 precibuS,

395 2709 491 2778 ut,
523 2720 674 2787 quae
721 2702 890 2784 ipsis
925 2699 1378 2783 jumentisque
1421 2701 1572 2763 usui
1621 2706 1867 2777 essent,
1912 2702 1999 2765 ab
2045 2722 2117 2767 se
2160 2706 2587 2786 potissimum

398 2810 751 2870 sumerent.
843 2802 1142 2883 Benigne
1173 2804 1394 2895 omnia
1425 2802 1768 2867 cumulata
1798 2802 1975 2867 dare.
2065 2804 2412 2874 Modestia
2443 2832 2587 2876 cer-

395 2915 536 2974 tare
585 2906 851 2982 milites,
903 2924 986 2969 ne
1033 2904 1200 2989 quid
1245 2904 1422 2969 ultra
1468 2924 1668 2969 usum
1714 2908 2163 2973 necessarium
2208 2924 2585 2981 sumerent:

459 3115 480 3148 ὗ
515 3117 752 3167 Futurum
771 3132 828 3167 ea
847 3119 906 3167 de
921 3132 1082 3171 eam.
1102 3122 1154 3167 ut
1177 3118 1254 3167 ini
1275 3118 1480 3182 (milites
1500 3120 1649 3183 ipsius
1671 3122 1861 3171 Claudii
1884 3122 2121 3188 Neronis)
2148 3127 2311 3175 addito
2336 3133 2588 3191 quantum·

395 3196 586 3245 umque
607 3184 736 3232 tenui
759 3188 988 3231 momento
1003 3182 1089 3246 (ad
1107 3183 1264 3259 copim
1284 3184 1359 3231 M.
1379 3184 1514 3233 Livii
1531 3186 1733 3236 altmar
1749 3186 1977 3253 οοηευιὲο)
1994 3189 2261 3254 victoriam,
2282 3194 2327 3240 a·
2344 3192 2480 3251 forte
2499 3208 2587 3242 nu·

396 3251 537 3304 taret,
557 3262 712 3299 recum
734 3248 973 3299 hahet-m
991 3252 1134 3310 «aque
1153 3248 1432 3299 melium-ent
1457 3252 1520 3299 ad
1541 3250 1793 3301 Romana.

1299 3410 1669 3432 OOOOOOOOOO

462 3525 486 3570 1
525 3522 736 3588 vulgat.
750 3522 966 3575 lection.
983 3526 1208 3575 audiatur
1231 3524 1376 3575 'ubet
1394 3526 1731 3579 Rhenum—2
1764 3530 1779 3559 ‘
1800 3530 1992 3594 Scripti
2006 3496 2355 3598 timeamus,
2370 3541 2583 3597 partem.-
2674 3547 2679 3553 ·

435 3586 534 3635 uod
574 3599 888 3652 postremum
922 3588 1072 3640 editt.
1110 3591 1175 3639 ab
1264 3591 1424 3642 ndrea
1461 3593 1524 3642 ad
1561 3594 1917 3657 moguntinos.
1973 3596 2137 3646 Aldus
2174 3598 2389 3659 primum
2415 3606 2585 3664 parte,-

393 3602 584 3702 Juntas
602 3653 790 3717 partoe.’
823 3654 876 3705 J.
902 3655 962 3703 F.
986 3656 1150 3705 Gron.
1197 3662 1212 3684 ‘
1236 3656 1393 3707 Forte
1415 3664 1651 3721 φιν-σέας
1684 3658 1849 3709 Gron.
1884 3663 1900 3690 ‘
1926 3662 2027 3711 Sed
2055 3664 2252 3728 gloriae,
2278 3679 2391 3727 quae
2416 3666 2583 3717 adhuc

394 3726 656 3779 speratur,
691 3720 861 3769 nullus
892 3720 975 3768 vel
1009 3730 1156 3771 certe
1191 3734 1291 3771 nou
1331 3738 1544 3785 magnus
1567 3725 1769 3785 fruetus
1805 3733 1914 3786 ειη
1953 3740 2048 3776 nec
2082 3729 2248 3788 obest,
2274 3730 2409 3793 quod
2426 3732 2584 3794 gloria

386 3788 532 3843 par-ta
549 3783 757 3847 dicitur,
777 3798 890 3849 qun
915 3783 1082 3835 adbuc
1103 3788 1442 3846 sperabatur:
1478 3803 1595 3838 nam
1618 3789 1701 3839 bic
1734 3800 1816 3840 est
1836 3790 2082 3855 frequen·
2112 3808 2233 3843 ustis
2256 3794 2501 3859 perfecti,
2528 3806 2587 3847 ut

397 3854 452 3895 et
477 3847 528 3894 in
550 3862 630 3903 eo,
649 3850 786 3912 quod
810 3848 939 3899 dicit
960 3864 1021 3899 ex
1041 3865 1094 3899 re
1112 3850 1225 3900 bene
1239 3858 1394 3914 genta,
1417 3851 1450 3902 i.
1473 3854 1587 3903 emi
1606 3868 1688 3903 res
1706 3854 1837 3905 bene
1852 3864 1999 3919 gesta
2018 3855 2236 3920 fuissem
2269 3859 2335 3909 de
2358 3876 2457 3925 quo
2480 3876 2584 3911 non

395 3910 668 3961 dubitabat
691 3914 856 3975 Nero,
872 3914 956 3979 qui
965 3914 1077 3978 jam
1096 3923 1290 3965 certam
1317 3918 1580 3969 victoriam
1600 3920 1769 3970 animo
1786 3933 2145 3983 praesumserat
2164 3924 2197 3986 ;’
2219 3925 2421 3977 Duker.
2454 3926 2585 3975 Par·
2642 3972 2647 3983 ,

369 3981 461 4023 *ιω
485 3990 576 4039 pro
611 3976 865 4041 parienda,
903 3994 1018 4043 quae
1061 3990 1348 4044 pareretur,
1381 3982 1498 4034 Jac.
1534 3982 1716 4034 Gran!
1750 3986 2045 4049 stirpem—3
2080 3988 2155 4038 Δο
2177 3988 2339 4040 Gron.
2360 3992 2579 4054 Donjat,

299 4092 305 4105 ,
400 4042 548 4091 Crev.
593 4040 722 4091 Mox
749 4042 840 4092 inf.
865 4043 996 4095 eaed.
1019 4044 1215 4096 habent
1236 4047 1578 4112 liber-oramque
1605 4063 1699 4112 pro
1721 4050 2123 4117 liberumque—4
2157 4054 2295 4107 Olim
2316 4056 2605 4121 legebatur.

1385 4194 1601 4246 NOTAE

781 4296 806 4332 r
844 4287 945 4338 Per
969 4291 1200 4341 ima-ueta
1227 4290 1406 4358 omnia]
1442 4294 1660 4361 supple,
1678 4295 1867 4347 itinera
1890 4296 1971 4347 vel
1995 4298 2153 4351 loca..
