3159 4934
1185 415 1330 463 mn.
1377 414 1570 465 xxv.
1614 416 1780 465 oar.
1822 401 1881 467 8.
2440 407 2621 475 2093

520 558 588 623 8.
637 557 864 642 Hujus
921 558 1244 623 atrocitas
1303 578 1528 641 poenoe
1594 560 1865 625 duarum
1924 562 2481 633 nobilissimarum
2545 569 2615 633 in

437 660 640 726 Italia
668 660 1098 726 Graecarum·
1139 662 1510 725 civitatium
1544 664 1808 727 animos
1840 664 2146 742 irritavit,
2176 684 2322 729 cum
2350 673 2400 705 ¹²
2444 670 2611 750 pub-

431 763 584 839 lice,
609 770 744 827 tum
773 764 974 827 etiam
1005 764 1300 845 singulos
1329 763 1672 846 privatim,
1712 768 1781 828 ut
1808 765 2091 848 quisque
2129 772 2261 830 tam
2301 767 2481 832 foede
2512 770 2612 832 in-

431 869 752 928 teremtos
781 873 900 927 aut
929 864 1444 948 propinquitate,
1475 871 1593 934 aut
1621 866 1919 930 amicitia
1960 867 2409 948 contingebat.
2500 870 2609 934 Ex

429 965 513 1028 iis
545 966 858 1029 tredecim
889 966 1027 1029 fere
1057 967 1312 1031 nobiles
1353 968 1645 1051 juvenes
1683 968 2025 1032 Tarentini
2070 969 2603 1052 conjuraverunt,

425 1084 702 1149 quorum
733 1067 1076 1150 principes
1105 1066 1289 1133 Nico
1319 1074 1389 1133 et
1419 1069 1843 1133 Philemenus
1866 1078 1913 1115 ¹³
1944 1079 2157 1135 erant.
2246 1071 2367 1149 Hi,
2398 1076 2603 1156 prius,

423 1186 623 1251 quam
657 1168 909 1250 aliquid
923 1178 1286 1248 moverent,
1311 1170 1829 1253 colloquendum
1856 1190 2009 1235 cum
2038 1170 2424 1238 Hannibale
2452 1178 2605 1253 rati,

425 1276 624 1333 nocte
653 1288 774 1353 per
798 1272 1088 1353 speciem
1129 1270 1412 1335 venandi
1436 1270 1663 1334 urbem
1683 1277 1737 1319 ¹⁴
1776 1272 2044 1353 egressi,
2076 1271 2161 1336 ad
2208 1292 2357 1337 eum
2399 1276 2605 1358 profi·

421 1372 800 1436 ciscuntur:
863 1380 956 1448 et,
1007 1390 1154 1436 cum
1206 1372 1387 1437 haud
1427 1373 1663 1454 procul
1709 1374 1949 1437 castris
2007 1374 2347 1453 abessent,
2400 1380 2603 1442 ceteri

420 1475 610 1556 sylva
639 1494 848 1559 prope
875 1476 1053 1539 viam
1086 1492 1238 1537 sese
1267 1474 1749 1553 occuluerunt3
1810 1474 1989 1539 Nico
2032 1482 2107 1539 et
2151 1474 2601 1555 Philemenus,

416 1578 746 1658 progressi
789 1576 878 1643 ad
917 1576 1244 1640 stationes
1283 1576 1895 1658 comprehensique,
1938 1576 2113 1639 ultro
2152 1574 2225 1638 id
2268 1584 2599 1659 petentes,

417 1676 502 1740 ad
535 1676 976 1742 Hannibalem
1015 1676 1286 1741 deducti
1328 1684 1504 1740 sunt.
1594 1675 1911 1753 Quicum
1948 1686 2017 1741 et
2058 1695 2305 1741 causas
2334 1680 2599 1743 consilii

417 1778 546 1854 sui,
577 1786 644 1842 et
685 1777 850 1863 quid
884 1785 1214 1861 pararent,
1240 1778 1760 1859 exposuissent3
1806 1777 2175 1843 collaudati
2206 1782 2597 1864 oneratique

415 1880 766 1959 promissis
800 1880 1134 1964 jubentur,
1165 1886 1240 1944 ut
1266 1878 1464 1943 fidem
1489 1878 1930 1962 popularibus
1954 1880 2268 1955 facerent,
2295 1880 2596 1962 praedan-

409 1980 477 2044 di
505 2000 716 2049 causa
749 2000 823 2047 se
866 1984 1088 2047 urbem
1111 2000 1437 2060 egressos,
1467 1998 1711 2063 pecora
1736 1979 2407 2062 Carthaginiensium,
2438 2000 2595 2063 quae

408 2088 678 2165 pastum
728 2084 1046 2166 propulsa
1093 2088 1342 2158 essent,
1389 2082 1478 2145 ad
1525 2083 1759 2145 urbem
1804 2099 2022 2162 agere.
2072 2082 2289 2145 -Tuto
2334 2100 2417 2145 ac
2446 2082 2593 2144 sine

410 2184 770 2247 certamine
799 2184 870 2247 id
898 2182 1215 2260 facturos,
1239 2182 1634 2265 promissum
1661 2188 1790 2245 est.
1837 2180 2219 2265 Conspecta
2246 2200 2333 2246 ea
2360 2182 2594 2263 praeda

396 2282 721 2365 juvenum
755 2289 898 2363 est3
941 2283 1315 2366 minusque,
1363 2282 1607 2347 iterum
1637 2302 1719 2347 ac
1751 2282 2005 2365 saepius
2053 2282 2125 2347 id
2166 2302 2283 2347 eos
2332 2282 2591 2359 audere,

405 2384 724 2448 miraculo
780 2384 930 2451 fuit.
1047 2382 1402 2467 Congressi
1457 2402 1609 2449 cum
1692 2383 2078 2448 Hannibale
2134 2402 2388 2459 rursus,
2462 2381 2591 2446 fide

407 2492 786 2563 sanxerunt,
817 2486 1065 2549 liberos
1082 2485 1476 2551 Tarentinos
1499 2486 1675 2569 leges
1699 2504 1959 2569 suaque
1986 2486 2207 2549 omnia
2222 2484 2589 2560 habituros,

403 2602 620 2669 neque
651 2587 854 2651 ullum
889 2587 1179 2668 vectigal
1231 2586 1449 2651 Poeno
1495 2606 1849 2670 pensuros,
1902 2586 2375 2669 praesidiumve
2416 2585 2591 2650 invi·

405 2694 512 2750 tos
557 2696 974 2771 recepturosz
1020 2688 1288 2769 prodita
1339 2689 1657 2771 praesidia
1701 2686 2349 2767 Carthaginiensium
2401 2687 2590 2751 sores‘

403 2786 581 2852 Raeo
614 2788 730 2852 ubi
759 2797 1231 2866 convenerunt,
1275 2793 1433 2852 tunc
1473 2806 1627 2852 vero
1678 2787 2115 2852 Philemenus
2166 2787 2581 2851 consuetudi—

401 2906 553 2952 nem
591 2898 786 2952 uocte
831 2888 1206 2969 egrediundi
1235 2888 1689 2972 redeundique
1716 2890 1781 2953 in
1812 2890 2039 2952 urbem
2072 2887 2582 2971 frequentiorem

396 2988 654 3053 facere:
696 2988 796 3073 (et
837 2996 978 3054 erat
1001 2989 1287 3054 venandi
1313 2990 1536 3055 studio
1565 2989 1871 3074 insignis)
1913 3008 2247 3073 canesque
2292 2996 2361 3054 et
2410 2990 2582 3055 alius

399 3097 767 3173 apparatus
813 3090 1251 3173 sequebatur3
1297 3098 1699 3174 captumque
1747 3091 1951 3156 ferme
1992 3090 2271 3173 aliquid,
2330 3100 2449 3156 aut
2490 3093 2579 3157 ab

395 3190 592 3255 hoste
615 3210 698 3255 ex
725 3196 1107 3275 proeparato
1137 3192 1440 3255 ablatum
1473 3191 1891 3273 reportando,
1918 3194 2212 3257 donabat
2240 3201 2359 3256 aut
2400 3212 2573 3275 prae-

393 3294 590 3371 fecto,
620 3300 738 3357 aut
767 3291 1166 3357 custodibus
1197 3302 1559 3374 portarum.
1622 3292 1851 3357 Nocte
1878 3294 2174 3357 maxime
2204 3311 2573 3357 commeare

394 3400 664 3477 propter
686 3401 925 3457 metum
956 3393 1278 3473 hostium,
1305 3392 1678 3456 credebant.
1766 3391 1903 3457 Ubi
1920 3392 2067 3475 jam
2098 3412 2181 3456 eo
2213 3398 2572 3457 consuetu-

457 3643 520 3690 12
556 3640 674 3690 nna
717 3638 853 3689 md.
877 3624 998 3689 aute
1033 3638 1391 3691 Gronov-18
1427 3641 1510 3690 Al.
1544 3640 1847 3690 Philoneaus
1877 3643 1933 3688 et
1972 3638 2417 3690 Philoneauae-la
2450 3640 2575 3692 ‘Ita

391 3706 569 3767 optimi
594 3705 720 3754 Mas.
745 3712 804 3754 nt
827 3709 881 3754 et
897 3718 1016 3754 mox
1051 3718 1100 3754 ae
1136 3704 1294 3754 arbem
1328 3719 1556 3767 egressu,
1578 3705 1713 3771 qnod
1736 3718 1801 3753 ex
1824 3702 1995 3753 Palat.
2016 3708 2063 3753 2.
2085 3704 2259 3766 recepi
2299 3718 2393 3768 pro
2432 3708 2569 3771 vulg.

1371 3866 1587 3917 NOTAE

451 3968 474 3995 ⁸
507 3960 724 4008 Danu-aia
777 3956 1166 4009 awaus-mn
1202 3962 1256 4009 ta
1289 3960 1438 4011 Italia
1515 3975 1581 4012 ex
1606 3959 1847 4024 Polybio,
1866 3959 1956 4009 lib.
1988 3972 2117 4011 vm.
2149 3960 2238 4011 ubi
2260 3960 2421 4013 refert
2442 3978 2566 4014 eon·

391 4031 692 4094 mm]
718 4031 930 4081 Tarenti
951 4040 1007 4082 et
1025 4034 1349 4098 Thuriorum,
1366 4050 1433 4085 ex
1518 4036 1717 4086 venisse
1735 4044 1792 4087 ut
1830 4036 2330 4101 Carthaginiensibus
2364 4039 2567 4102 liceret,

387 4110 576 4177 quibua
594 4122 712 4172 para
733 4106 985 4170 obsidam,
1008 4107 1144 4159 infra
1163 4124 1278 4173 cap.
1295 4114 1380 4161 16.
1514 4111 1645 4160 urbe
1675 4120 1850 4175 capta,
1883 4109 2024 4160 edes
2056 4125 2117 4162 ac
2151 4112 2433 4162 diversoria
2460 4112 2565 4163 Ro·

451 4187 472 4219 ²
505 4184 705 4233 Prodita
721 4183 948 4247 prasidio
965 4184 1434 4248 Carthaginiensium
1513 4199 1778 4236 manorum
1800 4186 1888 4251 qui
1910 4186 2203 4249 proealdlum
2221 4187 2433 4236 Tarenti
2458 4189 2568 4253 agi-

365 4258 506 4326 sore]
536 4260 728 4311 Sensus
759 4258 906 4322 huju·
950 4259 1048 4309 loel
1090 4261 1433 4326 expiseaudua
1515 4264 1975 4331 tabant.dlripere.
