3159 4934
1134 409 1284 458 ma.
1332 405 1558 457 xxvi.
1606 408 1768 456 car.
1817 409 1865 456 1.
2423 391 2600 458 2165

392 581 585 618 mam
618 567 818 619 venitz
851 581 915 618 eo
934 581 1061 618 vero
1084 566 1299 617 absente
1318 566 1606 616 Marcellus
1625 563 1827 630 collega
1849 563 1974 614 nibil
2003 577 2060 614 se
2079 561 2146 615 de
2185 577 2246 615 re
2268 563 2475 628 publica
2508 563 2600 616 aut

404 647 759 712 provinciis
782 657 1015 698 acturum
1049 646 1337 712 profitetur.
1390 651 1473 698 8⁷.
1499 647 1806 698 Incendium
1845 647 2025 696 Roma
2061 644 2227 696 oritur
2251 644 2530 696 conflatum
2567 661 2600 696 a

365 784 378 797 x
408 729 755 792 Carinpanis
779 728 1082 792 juvenibus,
1104 741 1320 791 quorum
1345 735 1592 791 parentes
1617 743 1646 776 a
1668 728 1735 780 Q.
1768 727 1947 776 Fulvio
1967 726 2134 777 securi
2166 734 2317 776 eraut
2348 729 2600 789 percussi·

408 808 858 870 Campanorum
898 809 1293 872 Siculorumque
1336 807 1495 871 legati
1521 808 1735 857 Romam
1759 809 1971 857 veniunt
1992 807 2227 871 questuri
2260 807 2324 856 de
2348 807 2514 857 Fulvii
2544 814 2600 856 et

408 885 715 937 Marcelli
761 888 1087 938 crudelitate.
1172 893 1255 938 28.
1311 888 1476 938 Novis
1519 888 1908 950 magistratibus
1945 886 2226 952 provincias
2267 887 2600 952 legionesque

415 967 845 1018 decernuntur.
918 973 1001 1018 29.
1034 969 1215 1020 Sicilia
1230 969 1488 1019 Marcello
1504 975 1561 1018 et
1582 969 1743 1019 Italia
1764 969 1980 1017 Lavino
2001 967 2176 1017 evenit
2197 983 2214 1029 ς
2249 967 2338 1018 sed
2360 969 2600 1018 consules

414 1056 779 1112 permutant
818 1049 1132 1116 provincias,
1168 1051 1295 1098 moti
1329 1050 1556 1114 querelis
1576 1048 1891 1100 Siculorum.
1955 1053 2036 1099 80.
2071 1049 2142 1098 ni
2167 1049 2220 1097 in
2241 1055 2426 1099 senatu
2448 1063 2604 1098 accu-

418 1137 577 1177 sant
605 1129 938 1180 Marcellum.
1006 1133 1089 1179 81.
1121 1128 1175 1179 1s
1198 1128 1499 1192 respondet.
1566 1133 1651 1179 32.
1683 1129 1768 1179 Illi
1797 1130 2020 1192 benigne
2043 1128 2109 1178 ab
2132 1129 2230 1178 boc
2251 1128 2601 1193 patribusque

425 1210 808 1270 appellantur
846 1215 903 1258 et
934 1207 1287 1260 dimittuntur.
1344 1214 1426 1260 88.
1459 1211 1838 1274 Campanorum
1875 1211 2044 1260 oratio
2082 1209 2130 1258 iu
2167 1217 2348 1259 senatu
2389 1209 2600 1258 misera-

428 1287 627 1338 bilior
648 1290 929 1353 duriorque
952 1303 1122 1340 causa.
1194 1294 1279 1340 84.
1312 1288 1400 1340 Ob
1430 1290 1648 1341 decreta
1667 1297 1882 1340 senatus
1902 1291 1954 1339 in
1975 1288 2195 1339 familias
2216 1289 2442 1354 singulas
2460 1289 2603 1340 facta

430 1371 759 1420 snoestiores
798 1371 1083 1435 aliquanto,
1128 1385 1281 1436 quam
1322 1369 1541 1420 Romam
1585 1384 1796 1432 venere,
1835 1368 2126 1420 discedunt.
2215 1373 2296 1419 85.
2343 1370 2604 1422 Quoniam

434 1437 711 1513 pecunia
744 1451 872 1499 nibil
903 1451 1061 1502 estin
1098 1453 1305 1513 serario,
1338 1452 1529 1514 privati
1550 1465 1616 1500 ex
1639 1465 1798 1502 censu
1822 1450 2187 1516 ordinibusque
2223 1450 2446 1514 remiges
2474 1449 2602 1500 dare

437 1543 591 1578 cum
634 1529 897 1593 stipendio
921 1531 1231 1594 cibariisque
1256 1531 1542 1594 jubentur5
1574 1529 1710 1594 quod
1735 1530 2006 1594 aegerrime
2029 1529 2206 1580 ferunt
2227 1531 2487 1579 homines:
2523 1533 2606 1580 86.

444 1610 562 1658 sed
594 1611 813 1658 Petrum
836 1611 1077 1674 exemplo
1098 1609 1299 1660 incitati
1316 1610 1561 1660 certatim
1588 1617 2089 1675 aurum,argeutum‚
2105 1616 2159 1660 et
2178 1623 2250 1659 aes
2271 1612 2322 1657 in
2341 1608 2604 1674 publicum

448 1689 773 1741 conferunt.
1042 1754 1051 1764 .

370 1771 474 1821 87.
546 1771 831 1820 Poenorum
876 1772 1321 1838 Romanorumque
1358 1785 1550 1836 anceps
1594 1785 1714 1835 spes
1758 1785 1820 1822 ac
1867 1777 2054 1832 metus,
2109 1769 2328 1819 adversa
2367 1769 2606 1820 secundis

456 1858 722 1916 aequaute
737 1850 965 1902 fortuna.
1029 1856 1111 1902 88.
1148 1852 1386 1902 Avaritia
1413 1860 1469 1903 et
1489 1851 1802 1904 crudelitate
1825 1851 2137 1902 Hannibalis
2156 1852 2516 1902 abalienantur
2537 1849 2604 1899 ab

457 1945 535 1980 eo
560 1933 813 1982 sociorum
838 1933 1026 1993 animi,
1060 1941 1117 1982 et
1155 1933 1367 1998 Salapia
1390 1948 1507 1984 cum
1542 1933 1784 1997 presidio
1816 1933 2018 1982 Punico
2039 1931 2293 1982 Marcello
2317 1931 2553 1994 proditur
2573 1945 2606 1980 a

458 2011 693 2068 Blattio,
728 2011 888 2063 Dasio
928 2012 1277 2077 nequicquam
1310 2019 1657 2076 repugnante.
1721 2015 1804 2062 89.
1836 2011 2027 2061 Classis
2051 2010 2287 2060 Romana
2318 2011 2382 2059 ab
2407 2009 2604 2073 Rhegio

466 2090 722 2156 profecta
742 2092 953 2156 fugatur
984 2093 1349 2142 a'l'arentiua:
1386 2091 1450 2141 ad
1484 2093 1768 2142 Tarentum
1800 2105 1924 2141 vero
1945 2091 2007 2140 C.
2030 2091 2270 2152 Persius,
2293 2104 2323 2139 a
2356 2090 2434 2139 M.
2457 2091 2606 2141 Livio
2677 2089 2683 2096 '

466 2185 545 2221 ex
571 2185 691 2221 arce
718 2173 957 2228 emissus,
996 2171 1189 2235 passim
1232 2170 1393 2221 cedit
1426 2172 1606 2220 hostes
1629 2185 1726 2235 per
1758 2184 1908 2234 agros
1930 2171 2187 2234 palantes.
2250 2174 2332 2219 40.
2365 2171 2608 2220 Laevinus

470 2251 751 2314 Syracusis
779 2252 1039 2314 componit
1063 2264 1167 2312 res,
1190 2256 1247 2301 et
1268 2251 1487 2314 plurima
1506 2251 1703 2300 Sicilia
1728 2250 1922 2314 oppida
1943 2250 1994 2299 iu
2017 2249 2268 2299 ditionem
2295 2249 2447 2299 Rom.
2471 2250 2605 2299 redi·
2637 2293 2642 2298 .

470 2332 573 2396 git,
610 2332 663 2380 iu
708 2331 787 2379 bis
824 2331 1195 2394 Agrigentum3
1246 2331 1488 2380 traditum
1528 2332 1579 2380 ei
1624 2346 1654 2379 a
1693 2332 1917 2388 Mutine,
1953 2330 2292 2380 Numidarum
2329 2330 2482 2394 duce,
2522 2331 2606 2380 cui

468 2412 667 2462 Hanno
688 2411 957 2462 invidebat
980 2411 1193 2475 gloriam
1215 2410 1338 2461 belli
1361 2410 1706 2476 injuriamque
1739 2411 2006 2460 intulerat.

396 2495 490 2543 41.
529 2491 596 2542 In
627 2491 883 2555 Hispania
911 2491 973 2540 P.
995 2491 1173 2555 Scipio
1205 2492 1435 2542 oratione
1458 2491 1702 2542 accendit
1727 2491 1951 2541 militum
1969 2491 2188 2542 animos.
2254 2497 2340 2542 42.
2371 2493 2498 2542 Tum
2523 2505 2615 2541 co·

468 2573 593 2637 pias
618 2566 812 2636 trajicit
833 2572 1137 2635 Iberum,et
1160 2571 1531 2636 Carthaginem
1554 2572 1756 2622 Novam
1780 2585 2086 2635 oppugnare
2117 2572 2327 2633 statuit,
2351 2572 2528 2622 urbem
2555 2574 2608 2620 in

472 2653 675 2702 tumulo
722 2652 787 2701 ad
820 2653 983 2701 sinum
1028 2652 1180 2700 maris
1217 2653 1393 2702 sitam.
1480 2655 1563 2702 48.
1617 2652 1744 2714 Ejus
1789 2651 2055 2714 potiuudte
2098 2667 2246 2714 spem
2288 2652 2608 2702 cohortando

470 2731 729 2780 militibus
764 2731 907 2780 facit.
999 2735 1081 2780 44.
1115 2734 1201 2779 45.
1236 2730 1475 2792 Romani,
1512 2731 1753 2792 esemplo
1788 2737 1842 2778 et
1877 2729 2171 2778 hortatione
2204 2731 2350 2779 ducis
2388 2731 2610 2794 incitati,

471 2825 677 2860 summa
699 2812 833 2860 illsm
858 2812 926 2867 vi,
949 2809 1041 2859 sed
1074 2808 1267 2859 frustra
1288 2808 1663 2872 aggrediuntur
1687 2817 1846 2857 terra.
1907 2812 1990 2857 46.
2027 2808 2102 2858 At
2123 2823 2222 2872 per
2239 2817 2476 2873 stagnum
2499 2813 2611 2860 sine

474 2891 765 2940 certamine
790 2891 1030 2949 intratur,
1048 2895 1104 2938 et
1136 2902 1255 2938 mox
1288 2896 1397 2937 tum
1418 2889 1550 2950 ipsa,
1576 2893 1684 2938 tum
1708 2889 1820 2950 (rx,
1843 2903 1873 2937 a
1895 2887 2124 2951 Magone
2153 2888 2354 2952 dedita,
2381 2891 2607 2954 capitur.

480 2973 569 3020 47.
601 2970 847 3018 Victores
870 2967 1044 3031 preda
1067 2968 1271 3030 ingenti
1304 2968 1471 3018 omnis
1509 2968 1716 3031 generis
1749 2967 2035 3031 potiuntur.
2098 2971 2180 3018 48.
2212 2969 2431 3030 Milites,
2455 2977 2612 3035 prout

482 3047 673 3112 cuique
698 3048 937 3096 meritum
964 3047 1229 3111 virtusque
1250 3045 1370 3104 fuit,
1402 3046 1676 3098 donantur.
1744 3050 1828 3098 49.
1862 3047 2042 3111 Scipio
2079 3047 2281 3098 obsides
2313 3051 2608 3102 civitatium

484 3127 751 3191 Hispaniae
772 3127 877 3177 suis
910 3128 1158 3190 restituit,
1182 3127 1521 3192 precibusque
1546 3128 1719 3177 uxoris
1742 3127 2010 3178 Mandonii
2045 3137 2214 3179 motus
2235 3144 2414 3180 curam
2445 3130 2610 3180 foemi-

482 3221 661 3258 narum
690 3209 973 3259 committit
1005 3211 1119 3257 viro
1152 3215 1404 3272 spectatte
1443 3207 1778 3271 integritatis.
1842 3213 1926 3256 50.
1960 3207 2159 3257 Reddit
2197 3223 2439 3272 sponsam
2465 3211 2610 3260 Allu-

480 3290 581 3344 cio.
609 3289 830 3352 principi
854 3289 1258 3347 Celtiberorum,
1280 3286 1369 3351 qui
1412 3287 1567 3336 letus
1606 3287 1808 3336 domum
1846 3286 2084 3337 dimissus
2106 3301 2226 3337 mox
2259 3303 2378 3338 cum
2401 3289 2610 3340 delecta

482 3370 714 3431 equitum
736 3381 891 3418 manu
915 3368 1151 3417 revertit.
1203 3371 1285 3417 ⁶1.
1320 3365 1500 3430 copie
1524 3366 1636 3429 ejus
1653 3367 1861 3414 navales
1881 3365 2253 3428 pedestresque
2275 3376 2609 3432 exercentur,

481 3445 535 3498 e't
556 3456 728 3510 capt-«s
764 3447 907 3497 urbis
928 3447 1061 3496 mnri
1084 3445 1401 3510 reficiuntur,
1430 3447 1830 3497 armamentaria
1850 3453 2042 3501 autem,
2065 3443 2302 3501 officina,
2327 3452 2382 3495 et
2403 3447 2610 3496 navalia

484 3533 725 3590 strepunt
763 3531 1018 3592 apparatu
1060 3527 1201 3576 belli.
1290 3526 1388 3576 His
1430 3526 1684 3577 ordinatis
1723 3526 2090 3590 dispositisque
2134 3525 2388 3588 praesidiis
2432 3526 2608 3591 Scipio

480 3609 823 3659 Tarraconem
848 3607 1001 3664 redit,
1027 3622 1127 3673 quo
1146 3607 1490 3671 legationibus
1510 3609 1770 3674 sociisque
1797 3606 2036 3657 edixerat
2058 3613 2388 3656 conventum.

420 3861 483 3926 1.
514 3835 677 3926 CN.
704 3863 811 3930 Fu
826 3881 916 3927 nv
930 3882 1049 3929 ms
1070 3863 1628 3943 ΟΒΝΤυΜΑιυΒ,
1647 3865 1730 3930 P.
1757 3866 2101 3950 Sulpicius
2115 3865 2342 3931 Galba
2360 3885 2606 3930 consu·

419 3963 545 4042 lea,
567 3985 718 4030 cum
740 3965 963 4030 idibus
987 3965 1257 4031 Martiis
1270 3969 1734 4050 ‚magistratum
1757 3957 2096 4047 inissent:
2120 3976 2360 4034 senatu
2380 3968 2450 4032 iu
2469 3966 2601 4030 Ca-

1404 4127 1622 4178 NOTA-2

1292 4239 1321 4272 ⁸·
1356 4241 1423 4292 A.
1446 4244 1513 4293 U.
1536 4245 1596 4294 C.
1619 4248 1731 4295 5⁴2.
