3159 4934
1290 455 1437 510 nm.
1500 459 1743 510 xxm.
2405 441 2578 517 1885

399 607 479 654 8ο.
510 601 709 652 Petilia
742 601 795 652 in
828 601 1067 663 Bruttiis,
1100 603 1439 665 pertinaciter
1470 603 1706 667 defensa,
1753 611 1810 656 et
1844 605 2124 657 Consentia
2167 607 2236 657 ab
2269 607 2582 670 Himilcone,

460 684 621 734 Croto
644 697 675 731 a
700 683 941 744 Bruttiis,
961 683 1237 746 capiuntur
1252 701 1269 735 z
1304 696 1357 734 et
1380 685 1668 736 Locrenses
1690 687 1960 750 ceterique
1992 688 2102 750 eJns
2136 689 2360 751 regionis
2383 691 2580 755 populi,

461 771 653 827 praeter
675 762 957 826 Rheginos,
983 763 1277 814 desciscunt
1299 764 1365 815 ad
1402 766 1608 816 Poenos.
1670 766 1755 816 Ad
1783 767 1990 817 eosdem
2014 767 2194 818 deficit
2214 770 2364 828 Gelo,
2390 771 2576 821 Hiero·

460 845 537 894 nis
562 845 721 906 filiun
756 844 839 908 qui
864 851 1033 894 tamen
1066 853 1235 895 morte
1256 855 1547 909 opportuna
1570 846 1872 896 absumitur.
1937 848 2070 898 Ludi
2105 848 2294 898 dantur
2315 849 2580 914 funebres,

463 925 675 974 Romani
699 923 990 987 plebe-iique
1014 931 1097 973 ter
1116 925 1485 975 instaurantur.
1551 926 1814 980 Pmtons
1849 928 2136 980 sortiuntur
2169 930 2482 994 provincias,
2517 938 2575 980 et

458 1005 533 1054 M.
557 1005 841 1054 Marcellus
869 1018 965 1067 pro
984 1005 1193 1054 consule
1226 1005 1498 1068 imperium
1534 1007 1745 1069 accipit.
1809 1011 1892 1056 81.
1913 1008 2136 1070 ,Duplex
2171 1010 2454 1072 imperatur
2483 1009 2574 1059 tri-

456 1085 673 1132 butum:
707 1091 762 1132 et
782 1091 991 1133 senatus
1022 1083 1279 1144 decernit,
1312 1101 1415 1150 qno
1450 1093 1505 1136 et
1538 1100 1569 1135 a
1601 1086 1784 1151 quibus
1821 1086 2113 1138 deducendi
2153 1089 2257 1138 siut
2291 1090 2573 1140 exercitus.

457 1163 673 1227 Equites
696 1164 962 1225 Campani,
983 1176 1097 1214 ccc.
1122 1163 1397 1229 stipendiis
1430 1166 1480 1216 in
1504 1167 1682 1216 Sicilia
1703 1181 1818 1216 cnm
1842 1167 1944 1218 fide
1979 1168 2227 1230 emeritis,
2249 1169 2462 1218 Romam
2486 1182 2573 1218 ve·

456 1245 619 1299 niunt,
644 1241 873 1308 fiuntque
892 1245 1033 1293 cives
1058 1243 1291 1292 Romani.
1359 1245 1421 1294 In
1444 1246 1610 1296 locum
1631 1247 1692 1295 L.
1719 1247 1969 1298 Postumii
1990 1248 2208 1311 primum
2237 1248 2310 1297 M.
2327 1247 2573 1298 Claudius

456 1325 737 1374 Marcellus
764 1324 943 1372 consul
966 1322 1234 1384 sufficitur,
1268 1325 1379 1382 sed,
1411 1327 1597 1389 quiuis
1619 1328 1744 1376 vitio
1763 1335 1971 1376 creatus
1995 1326 2220 1390 videtur,
2241 1341 2358 1377 mox
2383 1329 2450 1380 Q.
2477 1328 2572 1376 Fa-

456 1404 571 1454 bius
604 1405 861 1454 Maximus
895 1417 981 1452 m.
1058 1403 1309 1466 Prodigia
1342 1406 1639 1470 expiantur.
1716 1410 1800 1456 82.
1833 1407 1970 1456 Novi
2007 1408 2338 1471 magistratus
2369 1407 2571 1472 ipsiqtte

455 1482 804 1548 ,πείθωμαι
828 1482 918 1547 jus
939 1483 1213 1533 dicendum
1237 1484 1421 1540 creati,
1460 1485 1513 1534 in
1549 1485 1841 1548 provincias
1875 1483 2300 1548 proficiscuntur„
2353 1486 2570 1538 Cartba-

454 1563 713 1626 ginienses
735 1570 909 1612 autem
935 1577 1051 1612 cnm
1066 1563 1313 1614 classibus
1334 1565 1604 1629 copiisque
1623 1564 1676 1612 in
1701 1565 2004 1626 Hispaniam
2029 1565 2246 1615 mittunt
2265 1566 2568 1627 Magonem,

453 1650 509 1692 et
531 1642 909 1693 Hasdrubalem
943 1644 1159 1693 calvum
1192 1643 1245 1692 in
1267 1642 1578 1705 Sardiniam,
1601 1657 1700 1708 quo
1723 1644 2068 1709 Hampsicora
2096 1645 2286 1709 aliique
2309 1643 2569 1710 principes

454 1723 710 1786 legatione
731 1723 1055 1773 clandestina
1076 1737 1166 1772 eos
1185 1731 1515 1774 vocaverant.
1570 1771 1575 1776 ,
2407 1765 2418 1773 .

394 1807 474 1853 88.
520 1804 793 1867 Philippus
828 1803 1173 1874 Macedonum
1209 1817 1301 1852 rex
1333 1804 1397 1853 ad
1432 1804 1624 1856 Poeuos
1665 1803 1828 1854 mittit
1861 1805 2078 1868 legatos,
2121 1805 2209 1869 qui
2251 1805 2472 1868 primum
2511 1804 2566 1856 in

452 1885 703 1947 Romana,
720 1883 909 1934 deinde
946 1884 997 1932 in
1034 1882 1337 1935 Hannibalis
1373 1891 1545 1934 castra
1583 1885 1912 1947 perveniunt,
1949 1883 2220 1950 fedusque
2255 1899 2374 1934 cum
2409 1899 2474 1934 eo
2511 1893 2570 1934 et

448 1965 723 2016 amicitiam
750 1964 993 2028 jungunt.
1053 1969 1136 2013 84·
1170 1965 1389 2014 Eosdem
1422 1979 1539 2014 cum
1574 1963 1826 2028 Gisgone,
1859 1965 2101 2030 Bostare,
2136 1972 2193 2015 et
2225 1967 2450 2030 Magone
2485 1978 2568 2015 rc-

444 2045 664 2094 deantes
674 2045 889 2108 jamque
923 2051 1165 2094 tenentes
1200 2045 1361 2094 altum
1398 2045 1614 2094 Romani
1648 2057 2046 2109 persequuntur,
2077 2053 2135 2096 et
2163 2047 2564 2109 comprehensos

448 2127 661 2175 Romam
686 2126 751 2174 ad
774 2133 1007 2174 senatum
1031 2123 1261 2175 mittunt.
1323 2125 1389 2176 Q.
1426 2124 1629 2174 Mucius
1655 2125 1888 2174 Scoevola
1927 2133 2118 2188 pretor
2151 2127 2203 2174 in
2239 2125 2480 2176 Sardinia
2509 2127 2565 2175 in

448 2203 657 2266 longum
676 2204 863 2255 incidit
884 2203 1134 2262 morbum,
1174 2211 1229 2254 et
1260 2205 1381 2254 hinc
1414 2219 1479 2254 eo
1508 2205 1568 2254 Τ.
1603 2205 1827 2259 Manlius
1863 2204 2156 2269 Torquatus
2189 2220 2306 2254 cum
2349 2204 2566 2268 imperio

448 2284 691 2334 mittitur.
758 2282 955 2332 Eodem
978 2281 1146 2331 tendit
1176 2283 1508 2331 Hasdrubal:
1539 2282 1632 2330 sed
1660 2284 1857 2338 classis,
1887 2284 1970 2332 cui
2011 2293 2220 2345 preest,
2257 2283 2398 2333 foeda
2435 2291 2564 2332 tem-

446 2371 649 2428 pestate
672 2367 860 2412 vexata
879 2361 941 2411 ad
979 2361 1211 2411 Baliares
1248 2361 1438 2410 insnlas
1460 2362 1716 2425 dejicitur.
1783 2367 1866 2412 85.
1903 2363 2171 2426 Campani,
2208 2371 2266 2412 ut
2301 2362 2422 2414 dolo
2459 2357 2564 2414 Ου’-

446 2458 620 2492 manos
637 2457 743 2491 suae
768 2441 979 2491 ditionis
1000 2438 1211 2502 faciant,
1241 2455 1415 2490 eorum
1445 2450 1684 2492 senatum
1711 2441 1775 2491 ad
1799 2457 2068 2492 commune
2091 2449 2383 2508 statumque
2405 2445 2562 2494 sacri·

442 2523 617 2572 ficium
651 2522 715 2572 ad
744 2521 939 2572 Hamas
972 2519 1265 2570 faciendum
1297 2520 1537 2582 invitant,
1572 2535 1668 2570 nec
1694 2523 1873 2584 procul
1893 2522 2014 2571 iude
2047 2523 2100 2570 in
2133 2524 2340 2572 occulto
2363 2523 2560 2573 Marius

444 2601 631 2667 Alfius,
672 2603 1059 2664 medixtmicus,
1094 2615 1209 2650 cnm
1256 2614 1375 2652 nv.
1410 2602 1631 2650 millibus
1668 2610 1978 2650 armatorum
2013 2601 2262 2651 considet.
2344 2601 2562 2652 Cumani

444 2693 637 2739 autem,
660 2683 843 2747 quibus
878 2681 1015 2730 frans
1037 2688 1280 2744 suspecta
1316 2689 1417 2742 est,
1442 2695 1549 2731 rem
1587 2681 1826 2731 nuntiant
1861 2681 1944 2730 Ti.
1979 2681 2280 2744 Sempronio
2315 2680 2560 2734 Graccho

442 2781 552 2816 cos.
582 2765 668 2829 qui
692 2764 835 2814 cirea
853 2762 1120 2811 Liternum
1143 2762 1333 2810 stativa
1354 2760 1525 2810 habet.
1591 2760 1646 2809 Is
1671 2760 1843 2808 media
1863 2767 2018 2808 nocte
2041 2759 2328 2822 Campanos
2365 2761 2416 2808 in
2453 2775 2559 2809 cus·

446 2847 542 2896 tris
566 2845 829 2909 opprimit,
855 2843 1146 2906 multosque
1176 2841 1471 2891 obtruncat.
1534 2843 1618 2888 86.
1651 2839 1848 2889 Castris
1886 2839 2106 2886 bostium
2143 2839 2337 2900 potitus
2368 2840 2556 2889 Cumas

440 2942 499 2975 ae
520 2939 737 2990 propere
752 2923 958 2986 recipit,
981 2931 1037 2970 et
1058 2935 1177 2970 mox
1208 2919 1273 2969 ab
1295 2918 1586 2968 Hannibale
1619 2925 1967 2981 oppugnatur.
2031 2921 2115 2967 87.
2149 2917 2298 2966 Poeni
2329 2919 2556 2982 eruptio-

440 3021 507 3056 ne
530 3022 593 3056 ex
610 3003 805 3068 oppido
826 3001 966 3052 faeta
987 3001 1252 3065 fugantur,
1270 3007 1325 3048 et
1346 2998 1408 3047 ad
1433 2996 1612 3048 Tifata
1631 2997 1850 3047 redeunt
1875 2995 2068 3048 infecta
2091 3011 2164 3047 re.
2234 2995 2423 3047 Iisdem
2447 2997 2558 3048 die-

440 3088 534 3136 bus
552 3086 743 3135 Hanno
764 3099 795 3134 a
814 3084 896 3133 Ti.
929 3083 1232 3147 Sempronio
1260 3081 1437 3142 Longo
1470 3093 1535 3127 ex
1556 3077 1744 3128 finibus
1769 3078 1990 3128 Lucanis
2029 3077 2082 3152 in
2113 3078 2347 3127 Bruttios
2384 3080 2554 3150 repel-

442 3169 585 3228 litur,
630 3173 688 3215 et
723 3165 822 3214 tria
862 3163 1195 3229 Hirpinorum
1233 3161 1429 3225 oppida
1464 3162 1511 3210 vi
1550 3160 1872 3224 recipiuntur
1905 3159 2032 3209 aM.
2070 3159 2280 3208 Valerio
2312 3168 2556 3224 pretore.

438 3251 521 3297 88.
556 3246 788 3309 Philippi
812 3245 1189 3306 Ponorumque
1214 3243 1369 3303 legati
1401 3242 1660 3289 ducuntur
1693 3231 1922 3295 Romam,
1960 3247 2016 3289 et
2051 3241 2234 3290 classis
2261 3252 2309 3288 1..
2347 3240 2552 3289 navium

440 3334 801 3391 paratur-,qno
823 3337 993 3386 regem
1024 3325 1076 3370 in
1100 3321 1406 3371 Macedonia
1428 3321 1712 3369 contineat.
1776 3323 1857 3372 89.
1892 3320 2108 3382 teg-tio
2127 3320 2228 3368 alia
2253 3334 2283 3368 a
2307 3319 2554 3384 Philippo

440 3408 503 3456 acl
538 3405 883 3457 Hannibalem
916 3403 1155 3457 mittitur,
1190 3416 1305 3465 qnae
1341 3413 1590 3464 prospere
1623 3397 1726 3448 fert
1755 3413 1817 3447 nc
1855 3396 2016 3447 refert
2037 3398 2297 3448 mandata.
2365 3398 2554 3449 Fabius

440 3495 546 3537 tres
569 3487 942 3547 Campanorum
963 3481 1115 3531 urbes
1140 3482 1188 3529 vi
1210 3481 1371 3544 capit,
1389 3488 1445 3530 et
1464 3479 1539 3528 M·
1556 3477 1839 3528 Marcellus
1863 3491 2002 3539 proc.
2039 3479 2090 3526 in
2106 3477 2399 3541 presidium
2419 3478 2559 3528 redit

438 3567 644 3630 Nolam,
666 3565 751 3615 nbi
777 3563 919 3628 plebs
942 3562 1107 3612 adhuc
1128 3575 1375 3610 novarum
1397 3574 1563 3610 rerum
1589 3568 1644 3608 et
1664 3557 1968 3609 Hannibalis
1991 3563 2103 3607 tota
2125 3566 2220 3608 est.

376 3649 458 3700 40.
492 3647 621 3698 ΛΤ.
643 3645 837 3696 Manlio
872 3644 925 3693 in
966 3641 1199 3692 Sardinia
1240 3643 1455 3704 primum
1496 3641 1729 3702 Hiostus,
1765 3637 2118 3701 Hampsicora
2161 3637 2317 3702 filius,
2362 3637 2550 3688 deinde

438 3735 592 3794 pater
613 3729 721 3792 ejus
754 3733 809 3776 et
832 3722 1145 3786 Hasdrubal,
1185 3723 1269 3784 qni
1293 3723 1471 3784 copias
1498 3720 1804 3784 junxerunt.
1840 3719 2130 3769 vincuntur.
2199 3723 2282 3767 ss.
2316 3718 2546 3769 Hasdru·

438 3811 541 3868 bal,
564 3809 773 3867 Hanno,
794 3813 977 3854 auctor
1002 3801 1310 3858 rebellionis,
1334 3809 1388 3849 et
1411 3801 1587 3863 Mago,
1612 3799 1896 3869 propinqua
1919 3797 2230 3861 cognatione
2267 3797 2550 3849 Hannibali

426 3891 657 3953 junctus,
695 3885 796 3935 vivi
822 3885 1125 3948 capiuntnr3
1155 3883 1369 3932 Hiostus
1404 3882 1456 3929 in
1489 3881 1600 3929 acie
1636 3879 1812 3939 cadim
1846 3879 2184 3942 Hampsicora
2206 3886 2420 3927 mortem
2447 3879 2547 3939 sibi

435 3971 544 4033 ipse
564 3967 873 4026 consciscit3
904 3963 1123 4018 Cornus,
1158 3961 1486 4023 fugitivorum
1518 3955 1923 4021 receptaculum,
1963 3964 2310 4030 expugnatur,
2339 3965 2394 4006 et
2429 3959 2547 4009 aliae

437 4053 678 4101 civitates
696 4061 811 4096 sese
832 4045 1047 4095 dedunt.
1113 4041 1351 4110 Sardinia
1374 4041 1451 4090 sie
1476 4038 1766 4104 perdomita
1787 4037 2014 4088 Manlius
2035 4051 2152 4086 cnm
2173 4037 2390 4086 navibus
2413 4051 2547 4100 prar-

432 4127 503 4180 d'a
526 4130 725 4180 onustis
746 4127 963 4176 Romam
986 4123 1141 4173 redit.
1208 4123 1314 4172 Per
1346 4121 1481 4171 idem
1516 4127 1722 4181 tempus
1754 4119 1816 4168 Τ.
1855 4117 2113 4168 Otacilius
2154 4125 2350 4179 pretor
2383 4116 2544 4182 depo-

436 4211 643 4274 pulatur
676 4219 855 4271 agrum
891 4201 1383 4266 Carthaginiensem,
1420 4208 1474 4250 et
1503 4214 1569 4249 ex
1605 4200 1770 4248 classe
1803 4197 2162 4253 Hasdrubalis,
2199 4193 2428 4246 Africam
2463 4211 2542 4247 re·

434 4298 669 4357 petente,
686 4293 887 4350 septem
910 4283 1055 4349 capit
1084 4295 1258 4332 naves.
1322 4281 1587 4332 Bomilcar
1625 4293 1740 4329 cum
1774 4277 1918 4328 novis
1953 4276 2198 4326 militibus
2228 4275 2543 4340 Carthagine
