3159 4934
550 436 725 502 2188
1476 454 1543 501 T.
1595 452 1828 501 mvn·

550 601 682 663 sibi
712 598 1030 661 bonorem
1056 596 1431 679 adjecisset,
1462 595 1581 661 sed
1614 594 2004 678 indignitate
2035 614 2164 659 sua
2193 596 2329 659 vim
2353 612 2433 660 ac
2459 595 2576 681 jus
2605 618 2745 662 ma-

552 700 879 783 gistratui,
904 719 1101 783 quern
1133 700 1421 781 gerebat,
1454 698 1832 778 demsisset.
1895 694 1942 761 J
1949 715 2054 759 am
2083 714 2168 759 ne
2196 697 2264 761 in
2287 696 2433 761 foro
2455 698 2747 779 quidem,

552 812 673 867 aut
694 803 969 885 publico
1000 802 1176 879 loco,
1208 803 1580 884 principum
1608 802 1964 885 quisquam
1995 800 2408 882 apparebat:
2440 798 2751 865 domibus

548 904 796 969 inclusi
842 904 1083 987 patriae
1122 922 1445 967 occasum
1504 922 1660 966 cum
1707 920 1835 965 sno
1879 902 2089 965 exitio
2130 900 2206 964 in·
2243 899 2388 965 dies
2429 908 2751 983 expecta-

552 1007 743 1070 bant.
850 1004 1129 1068 Summa
1178 1022 1358 1067 curae
1411 1002 1631 1067 omnis
1681 1002 1754 1065 in
1801 1002 2154 1066 Bostarem
2208 1000 2752 1085 Hannonemquo

554 1104 921 1190 praefectos
967 1104 1271 1188 praesidii
1318 1104 1565 1169 Punici
1613 1123 1806 1168 versa
1851 1111 2020 1180 erat,
2049 1100 2194 1179 suo,
2225 1122 2360 1167 non
2393 1105 2751 1182 sociorum,

555 1206 860 1291 periculo
888 1204 1217 1270 solicitos.
1305 1204 1459 1283 Hi,⁸
1487 1203 1889 1287 conscriptis
1919 1203 2006 1267 ad
2045 1203 2487 1268 Hannibalem
2517 1204 2753 1283 literiS,

552 1328 683 1373 non
714 1309 922 1372 libere
944 1307 1168 1384 modo,
1212 1307 1333 1370 sed
1380 1306 1586 1371 etiam
1628 1324 1899 1389 aspere,
1941 1305 2209 1389 quibus,
2240 1310 2262 1341 ‘
2285 1325 2420 1369 non
2443 1304 2755 1389 Capuam

555 1410 821 1475 solam⁹
876 1408 1191 1473 traditam
1242 1408 1315 1471 in
1358 1426 1626 1471 manum
1669 1407 2000 1485 hostibus,
2067 1406 2185 1470 sed
2235 1427 2311 1471 se
2364 1426 2634 1491 quoque
2685 1414 2758 1472 et

554 1510 950 1596 praesidium
990 1511 1059 1574 in
1084 1528 1313 1574 omnes
1334 1510 1672 1574 cruciatus
1716 1505 2066 1592 proditos:
2105 1510 2548 1574 incusabant:
2593 1513 2616 1543 ‘
2639 1510 2756 1573 ab·

556 1613 719 1677 iisse
756 1630 907 1676 enm
947 1612 1017 1676 in
1056 1610 1389 1690 Bruttios,
1434 1613 1620 1676 velut
1648 1620 2060 1677 avertentem
2093 1630 2268 1690 sese,
2295 1630 2380 1676 ne
2411 1610 2651 1695 Capua
2687 1611 2760 1675 in

561 1713 781 1779 oculis
816 1713 963 1797 ejus
1003 1719 1371 1797 caperetur.
1454 1712 1551 1778 At
1580 1713 1874 1779 Hercule
1904 1713 2256 1778 Romanos
2293 1732 2377 1777 ne
2414 1732 2758 1795 oppugna·

560 1816 738 1881 tione
766 1815 1031 1899 quidem
1061 1815 1250 1878 urbis
1282 1813 1614 1879 Romanae
1648 1814 1946 1879 abstrahi
1987 1816 2073 1880 ab
2103 1813 2344 1897 Capua
2383 1813 2759 1879 obsidenda

560 1916 887 1999 potuisse.
951 1915 1175 1981 Tanto
1204 1916 1729 1981 constantiorem
1753 1913 2100 1979 inimicum
2131 1914 2538 1992 Romanum,
2557 1932 2761 1999 quam

441 2098 448 2103 θ
563 2018 850 2082 amicum
870 2016 1155 2080 Poenum
1184 2034 1363 2080 esse.
1448 2016 1525 2079 Si
1556 2014 1788 2079 redeat
1817 2013 2122 2097 Capuam
2155 2016 2542 2100 bellumque
2566 2037 2766 2083 omne

556 2137 647 2181 eo
682 2124 920 2193 vertat,
950 2121 1015 2179 et
1040 2136 1115 2180 se
1142 2122 1211 2179 et
1238 2115 1623 2199 Campanos
1661 2122 1934 2198 paratos
1979 2116 2312 2199 eruptioni
2351 2117 2512 2184 fore.
2603 2117 2671 2182 N
2675 2136 2766 2183 on

562 2237 715 2282 cum
764 2218 1083 2299 Rheginis
1127 2236 1341 2300 neque
1369 2217 1758 2281 Tarentinis
1805 2218 2052 2283 bellum
2097 2225 2396 2301 gesturos
2439 2221 2767 2287 transisse

564 2317 802 2401 Alpes.
878 2318 1018 2383 Ubi
1048 2318 1382 2382 Romanae
1412 2317 1710 2399 legiones
1729 2320 1889 2395 sint,
1913 2319 2008 2383 ibi
2029 2325 2099 2383 et
2119 2318 2768 2402 Carthaginiensium

566 2420 908 2483 exercitus
937 2420 1183 2483 debere
1214 2436 1387 2481 esse.
1470 2418 1590 2481 Sic
1621 2418 1708 2481 ad
1737 2418 2026 2498 Cannas,
2057 2422 2154 2484 sic
2185 2420 2271 2485 ad
2301 2421 2769 2486 Trasimenum

566 2540 705 2586 rem
736 2520 903 2584 bene
933 2526 1233 2603 gestam3
1279 2518 1608 2595 coeundo,
1639 2519 2038 2585 conferendo
2079 2541 2230 2586 cum
2275 2523 2472 2595 hoste
2519 2529 2768 2602 castra3

568 2622 899 2687 fortunam
932 2619 1292 2685 tentando.’
1382 2620 1462 2683 In
1501 2622 1669 2684 banc
1705 2622 2109 2685 sententiam
2136 2622 2345 2688 literae
2372 2625 2624 2687 conseri
2633 2634 2770 2707 ptae

573 2722 923 2801 Numidis,
954 2724 1305 2805 proposita
1328 2720 1632 2786 mercede
1655 2723 1797 2805 jam
1820 2729 1875 2760 ¹⁰
1915 2723 2243 2806 professis
2271 2743 2574 2807 operam,
2607 2726 2772 2790 dan·

572 2832 702 2889 tur.
790 2824 891 2889 Hi
944 2826 1173 2908 specie
1218 2823 1712 2904 transfugarum
1753 2842 1909 2887 cum
1959 2823 2045 2888 ad
2095 2824 2418 2890 Flaccum
2451 2827 2522 2889 in
2551 2836 2774 2891 eastra

572 2925 939 3003 venissent,
1002 2932 1075 2987 ut
1122 2924 1281 2987 inde
1336 2932 1644 3006 tempore
1698 2932 1904 3007 capto
1931 2932 1978 2963 ¹¹
2045 2926 2354 3004 abirent‚¹’
2405 2926 2772 3012 famesque,

498 3052 509 3063 ·
574 3046 731 3109 quae
764 3033 899 3089 tam
930 3024 1117 3087 din¹⁸
1162 3024 1421 3106 Capuae
1462 3031 1630 3102 erat,
1676 3025 1843 3088 nulli
1883 3046 2011 3089 non
2053 3029 2464 3110 probabilem
2493 3049 2774 3094 causam

574 3126 983 3209 transitionis
1013 3126 1311 3205 faceret;
1354 3126 1592 3191 mulier
1624 3134 1892 3208 repente
1927 3126 2279 3211 Campana
2311 3130 2378 3193 in
2411 3138 2634 3197 castra
2663 3153 2772 3197 ve-

575 3232 693 3305 nit,
757 3237 1045 3292 scortum
1104 3227 1591 3309 transfugarum
1653 3229 1872 3315 nnius.
1937 3228 2318 3314 indicatque
2385 3232 2776 3316 imperatori

580 3328 917 3419 Romano2
946 3328 1285 3393 Numidas
1324 3328 1559 3394 fraude
1603 3330 1990 3415 composita
2030 3332 2370 3417 transisse,
2411 3334 2776 3419 literasque

581 3430 665 3493 ad
697 3430 1155 3495 Hannibalem
1184 3430 1382 3495 serre.
1474 3430 1557 3495 ld
1587 3451 1790 3496 unum
1823 3450 1913 3495 ex
1943 3431 2056 3509 iis,
2101 3432 2223 3515 qni
2263 3434 2394 3497 sibi
2442 3454 2578 3499 rem
2617 3454 2774 3519 ape-

1494 3608 1862 3645 “,”m‘'oop

580 3765 801 3821 poteram
836 3758 927 3808 sed
964 3760 1153 3822 passim
1186 3759 1361 3808 Livius
1396 3758 1587 3807 nomini
1611 3758 1889 3809 collectivo
1912 3760 1964 3808 in
1994 3760 2160 3809 altero
2182 3760 2386 3809 demum
2411 3758 2639 3807 membro
2661 3758 2778 3821 plu-

586 3825 744 3872 ralem
769 3824 1082 3887 subjungere
1108 3823 1277 3872 solet?
1314 3822 1563 3873 Docte-8
1597 3832 1613 3853 ⁸
1637 3823 1766 3872 Cum
1783 3822 1846 3871 τὸ
1868 3824 1962 3880 Hi,
1995 3838 2096 3889 qno
2127 3823 2404 3880 referatur,
2434 3838 2534 3873 non
2566 3823 2778 3879 babeat,

584 3897 639 3936 et
676 3902 793 3937 cum
828 3888 999 3937 obiitne
1024 3902 1130 3937 eam
1164 3889 1443 3949 coherent,
1476 3887 1688 3936 verbnm
1724 3888 1926 3951 aliquod
1963 3903 2010 3937 v.
2047 3903 2095 3938 e.
2132 3890 2474 3951 exprobrant,
2507 3888 2780 3951 objiciunt,

584 3952 927 4014 supplendum
968 3960 1084 4011 ειη
1119 3952 1215 4001 nini
1250 3950 1387 4001 forte
1423 3950 1483 3999 τὸ
1514 3950 1681 4015 quibus
1717 3952 1996 4001 delendum
2031 3952 2135 4001 sit!
2167 3952 2503 4015 Durium—9
2537 3953 2604 4003 In
2641 3952 2778 4003 Edd.

582 4016 883 4081 quibusdam
902 4018 1199 4065 solum—10
1230 4016 1245 4045 ‘
1268 4016 1375 4066 Pro
1392 4015 1501 4076 jam
1526 4016 1795 4081 eleganter
1814 4031 1916 4066 eam
1939 4017 2212 4081 legendnm
2235 4032 2350 4068 esse
2372 4018 2600 4081 conjecit
2621 4014 2779 4067 Dok-⁹

1571 4196 1786 4247 NOTAE

696 4314 721 4348 Ρ
764 4308 829 4356 Ue
852 4310 959 4357 inde
981 4314 1182 4370 tempore
1204 4312 1339 4370 copto
1358 4306 1566 4370 abirent]
1593 4308 1712 4359 Non
1737 4310 1885 4373 pejus
1913 4309 1961 4357 in
1990 4308 2215 4373 vulgata,
2235 4314 2442 4371 tempore
2463 4312 2663 4370 πρίαιο.
