3159 4934
551 433 727 518 2238
1483 445 1550 494 τ.
1598 435 1786 492 mvn

557 590 766 656 emoti
809 587 1070 665 essent,
1128 603 1216 650 ne
1273 588 1404 670 ipsi
1459 587 1794 669 posterive
1848 603 2073 648 eornm
2125 583 2391 667 uspiam
2444 589 2743 667 pararent

553 691 972 766 haberentve,
1003 689 1132 752 nisi
1174 690 1239 751 in
1283 686 1566 751 Veiente
1608 692 1721 750 ant
1758 685 2029 750 Sutrino
2070 685 2503 766 Nepesinove
2544 675 2743 766 agro3

559 792 716 854 dum
745 808 827 853 ne
854 789 964 853 cui
993 787 1233 871 major,
1258 805 1456 869 quam
1485 785 1967 869 quinquaginta
1987 784 2318 867 jugerum,
2338 784 2476 865 agri
2504 785 2745 848 modus

555 895 760 955 esset.
849 889 1240 952 Senatorum
1297 887 1611 962 omniurn,
1665 887 1915 968 quique
1974 886 2404 965 magistratus
2464 883 2747 965 Capuae,

560 990 826 1066 Atellae,
859 989 1140 1054 Calatiae
1169 988 1558 1070 gessissent,
1590 988 1771 1049 bona
1802 986 2023 1048 venire
2053 981 2353 1066 Capuae,⁹
2386 984 2746 1067 jusserunt.

563 1095 584 1126 ‘
603 1091 850 1155 Libera
877 1109 1181 1172 corpora,
1209 1108 1362 1171 quae
1393 1107 1633 1152 venum
1663 1086 1809 1150 dari
1848 1087 2222 1169 placuerat,
2254 1083 2544 1147 Romam
2575 1085 2747 1148 mitti

561 1211 642 1256 ac
673 1191 914 1255 Romae
946 1191 1189 1254 venire.
1277 1190 1503 1271 Signa,
1527 1194 1781 1252 statuas
1812 1205 2065 1264 aeneas,
2088 1204 2238 1267 qnae
2260 1191 2461 1266 capta
2484 1183 2567 1246 de
2593 1182 2747 1247 hos-

561 1293 746 1356 tibus
790 1291 1186 1367 dicerentur,
1217 1309 1372 1372 quae
1414 1307 1639 1352 eorum
1684 1307 1876 1351 sacra
1920 1307 2001 1352 ac
2045 1286 2329 1368 profana
2372 1291 2617 1362 essent,
2658 1283 2747 1348 ad

561 1389 961 1473 pontificum
992 1389 1379 1472 collegium'
1420 1388 1809 1472 rejecerunt.
1901 1387 2011 1450 Ob
2056 1386 2201 1450 haec
2242 1385 2503 1449 decreta
2549 1404 2749 1448 moes-

565 1493 772 1556 tiores
811 1491 1177 1573 aliquanto,
1207 1510 1406 1573 quam
1454 1488 1741 1553 Romam
1776 1494 2112 1564 venerant,
2142 1485 2527 1568 Campanos
2558 1484 2746 1548 dimi-

565 1599 812 1654 serunt.
866 1591 1016 1655 Nec
1031 1591 1179 1673 jam
1207 1589 1296 1668 Q.
1323 1589 1546 1654 Fulvii
1569 1588 1898 1653 saevitiam
1921 1589 1987 1651 in
2013 1607 2183 1664 sese,
2204 1585 2321 1649 sed
2338 1585 2749 1667 iniquitatem

564 1690 788 1755 Deum
821 1698 1022 1774 atque
1049 1691 1498 1755 execrabilem
1526 1689 1859 1753 fortunam
1889 1707 2081 1752 suam
2121 1687 2537 1751 incusabant.

560 1831 568 1837 -
669 1791 780 1856 35.
844 1791 1162 1855 Dimissis
1218 1789 1464 1855 Siculis
1521 1788 2039 1871 Campanisque,
2076 1785 2399 1851 ‘delectus
2454 1785 2748 1849 habitus.

567 1891 834 1974 Scripto
860 1890 1097 1955 deinde
1124 1891 1443 1967 exercitu,
1468 1890 1554 1953 de
1575 1890 1893 1972 remigum
1922 1889 2387 1972 supplemento
2418 1887 2529 1967 agi
2560 1903 2754 1966 coep-

565 1995 727 2056 tum.
816 1991 897 2053 In
927 2009 1128 2073 quam
1158 2009 1290 2053 rem
1319 2009 1472 2054 cum
1501 2008 1712 2072 neque
1741 1988 2077 2054 hominum
2106 1991 2293 2059 satis,
2322 2006 2469 2063 nec,
2496 2005 2581 2048 ex
2614 1974 2757 2068 qud

567 2095 951 2173 pararentur
995 2090 1536 2173 stipendiumque
1577 2091 1987 2172 acciperent,
2032 2089 2342 2172 pecuniae
2390 2087 2753 2170 quicquam

570 2209 653 2255 ea
683 2196 1076 2273 tempestate
1105 2192 1172 2255 in
1205 2191 1478 2273 publico
1507 2197 1710 2269 esset,
1746 2189 2103 2254 edixerunt
2143 2189 2484 2265 consules,
2516 2198 2591 2250 nt
2620 2185 2754 2268 pri·

569 2292 706 2355 vati
763 2309 878 2373 ex,
905 2309 1110 2353 censu
1157 2290 1657 2372 ordinibusque,
1704 2289 1885 2352 sicut
1934 2297 2155 2366 antea,
2200 2289 2481 2370 remiges
2522 2286 2756 2349 darent

573 2409 727 2454 cum
757 2389 1096 2470 stipendio
1123 2390 1528 2471 cibariisque
1559 2389 1813 2452 dierum
1856 2391 2141 2470 triginta.
2226 2388 2338 2452 Ad
2364 2387 2437 2452 id
2466 2386 2755 2450 edictum

571 2495 788 2555 tantus
813 2489 1114 2553 fremitus
1145 2489 1502 2564 hominnm,
1546 2493 1732 2552 tanta
1750 2491 1807 2526 ¹⁰
1846 2489 2206 2570 indignatio
2249 2487 2395 2563 fuit,
2424 2494 2501 2550 ut
2544 2484 2756 2568 magis

573 2590 736 2668 dux,
764 2608 969 2673 quam
992 2589 1294 2662 materia,
1324 2588 1637 2652 seditioni
1663 2587 1952 2652 deesset.
2040 2593 2061 2626 ‘
2080 2586 2454 2652 Secundum
2485 2586 2753 2650 Siculos

575 2688 1090 2772 Campanosque
1106 2701 1130 2728 ⁰
1172 2689 1430 2771 plebem
1461 2687 1840 2752 Romanam
1870 2687 2270 2770 perdendam
2299 2686 2755 2751 lacerandam-

572 2811 704 2874 que
733 2791 866 2855 sibi
893 2790 1199 2854 consules
1229 2790 1569 2853 sumsisse.
1660 2788 1789 2852 Per
1817 2795 1921 2852 tot
1947 2807 2159 2852 annos
2196 2787 2445 2852 tributo
2472 2785 2753 2849 exhaus-

573 2900 687 2956 tos
733 2892 828 2956 nil
875 2891 1132 2974 reliqui,
1183 2898 1423 2972 praeter
1468 2895 1705 2954 terram
1748 2890 1989 2954 nudam
2039 2908 2122 2953 ac
2162 2896 2443 2965 vastam,
2486 2886 2753 2951 habere.

574 2992 790 3056 Tecta
834 2991 1058 3055 hostes
1103 2989 1503 3066 incendisse,
1534 3009 1765 3054 servos
1802 2991 1943 3072 agri
1988 2991 2322 3056 cultores¹²
2364 3007 2502 3052 rem
2532 2985 2759 3070 publi-

577 3111 728 3158 cam
755 3091 1195 3168 abduxisse,¹'
1227 3109 1400 3154 nunc
1430 3090 1514 3155 ad
1547 3090 1847 3155 militiam
1878 3110 2084 3174 parvo
2107 3109 2239 3156 ecre
2262 3090 2567 3168 emendo,
2586 3106 2756 3154 nunc

631 3278 653 3303 ⁰
699 3271 822 3321 Post
845 3271 1038 3350 Siculos
1055 3275 1104 3320 et
1131 3271 1412 3336 Campanos.

1491 3397 1640 3419 ‘0000
1646 3397 1850 3420 OOOOOO‘

643 3517 706 3562 1⁰
736 3512 858 3562 Vct.
892 3511 985 3563 lib.
1020 3511 1160 3577 apud
1184 3512 1355 3576 Sigon.
1387 3517 1626 3576 tantaque.
1666 3519 1721 3564 et
1762 3515 1839 3564 sic
1872 3513 2038 3564 Gron.
2070 3513 2412 3576 Doujah—ll
2447 3510 2623 3573 Sigon.
2658 3509 2759 3572 leg.

1575 3673 1791 3725 NOTAE

641 3793 666 3819 ¹·
699 3783 870 3833 Servon
908 3784 1020 3845 agri
1056 3784 1278 3848 mucra]
1314 3784 1464 3834 Servi
1501 3783 1639 3835 enim
1710 3783 1897 3835 bonnm
1932 3783 2061 3834 facit
2095 3784 2410 3834 auctoritate
2448 3779 2669 3844 publica,
2708 3779 2762 3829 id

579 3865 698 3922 post
735 3857 1056 3906 Cannensem
1090 3859 1288 3909 cladem
1313 3861 1500 3923 exiguo
1521 3876 1638 3925 pre·
1711 3874 1845 3922 resp.
1886 3858 2063 3908 facere
2102 3865 2364 3908 censetur.
2436 3857 2520 3906 Ita
2558 3857 2671 3906 Cic.
2706 3855 2761 3904 iu

581 3934 655 3984 tio
693 3931 915 3980 redemti
958 3929 1168 3982 fuerant
1204 3942 1260 3983 nt
1296 3945 1638 3998 armarentur,
1710 3935 1893 3997 Bruto,
1914 3934 1982 3983 dc
2003 3934 2119 3983 Tib.
2140 3933 2399 3989 Graccho.
2421 3934 2498 3981 ait
2528 3930 2765 3993 ‘abipsa

578 4017 636 4059 et
657 4007 848 4057 milites
869 4003 1070 4053 fierent.
1122 4007 1334 4057 Dicitur
1354 4017 1524 4059 autem
1549 4025 1640 4060 eos
1710 4024 1821 4074 rep.
1864 4016 1949 4059 cst
1990 4007 2334 4059 interfectus.’
2421 4006 2605 4069 Neque
2648 4011 2765 4054 erat

577 4081 853 4133 abduxisse
899 4093 1038 4142 resp.
1091 4083 1329 4143 qnoniam
1388 4085 1638 4137 abstracti
1708 4086 1845 4150 qnod
1867 4085 1948 4134 hic
1968 4085 2209 4149 Sigonius
2226 4083 2581 4137 laborarenut
2600 4081 2765 4130 Gron.

580 4156 790 4205 fuerant
843 4155 896 4204 in
967 4153 1228 4219 publicum
1283 4161 1636 4212 commodum:
1708 4162 1969 4212 observat.

577 4230 714 4295 qnod
738 4235 908 4281 antem
929 4229 1262 4296 magistratus
1291 4233 1346 4284 in
1369 4247 1637 4286 commune
