3159 4934
1055 435 1198 486 mn.
1245 435 1470 486 xxvl.
1517 436 1684 485 oar.
1726 421 1835 486 20.
2348 423 2523 500 2227

337 580 458 656 sis,
513 576 632 660 qui
671 576 953 660 plurima
997 577 1331 659 stipendia
1377 577 1730 644 baberent:
1772 585 1841 641 et
1884 577 2212 642 sociorum
2258 586 2523 660 septem

339 678 554 745 millia
595 678 889 762 peditum
951 685 1018 742 et
1083 679 1355 744 trecenti
1400 679 1657 761 equites
1701 678 2237 760 relinquerentur,
2285 679 2523 744 eadem

337 778 592 843 ratione
635 779 1112 862 stipendiorum
1155 776 1432 846 habita¹⁸
1475 781 1542 842 in
1581 780 1912 843 veteribus
1950 778 2271 842 militibus
2302 779 2523 842 dimit-

337 877 576 948 tendis.
661 879 791 942 Gn.
826 878 1068 943 Fulvio
1097 879 1356 954 consuli
1385 879 1739 961 superioris
1775 878 1952 952 anui,
1984 896 2109 940 uec
2142 878 2227 941 de
2258 879 2520 959 provin-

338 979 447 1044 cia
474 977 756 1062 Apulia,
786 999 910 1043 nec
939 980 1022 1042 de
1055 978 1380 1058 exercitu,
1407 997 1604 1061 quem
1637 979 1977 1053 habuerat,
2010 979 2357 1059 quicquum
2379 997 2519 1042 mu·

336 1083 562 1148 taram.
645 1079 938 1142 Tantum
978 1079 1042 1142 in
1087 1097 1328 1142 annum
1370 1085 1786 1160 prorogatum
1836 1078 2175 1159 imperium
2226 1086 2346 1142 est.
2434 1077 2518 1142 P.

335 1178 675 1260 Sulpicius
705 1179 959 1260 collega
989 1179 1136 1262 ejus
1167 1199 1431 1262 omnem
1461 1180 1846 1255 exercitum,
1888 1185 2133 1259 praeter
2152 1178 2379 1241 socios
2406 1196 2522 1242 na-

335 1279 543 1353 vales,
563 1280 794 1361 jussus
840 1280 1158 1344 dimittere
1187 1287 1304 1344 est.
1395 1279 1571 1343 Item
1603 1297 1695 1342 ex
1735 1279 1973 1343 Sicilia
2016 1279 2375 1353 exercitae,
2405 1277 2520 1341 cui

339 1379 442 1444 M.
483 1379 831 1445 Cornelius
861 1385 1204 1462 praeesset,
1237 1381 1354 1442 ubi
1385 1382 1617 1444 consul
1650 1382 1717 1444 in
1758 1380 2171 1462 provinciam
2202 1379 2520 1452 venisset,

337 1479 580 1543 dimitti
600 1479 862 1562 jussus·
957 1479 1031 1543 Ῑι.
1065 1479 1300 1544 Cincio
1329 1480 1595 1562 praetori
1626 1480 1713 1542 ad
1756 1476 2185 1542 obtinendam
2216 1478 2521 1540 Siciliam

339 1577 726 1642 Cannenses
749 1577 994 1642 milites
1023 1578 1188 1655 dati,
1218 1577 1494 1641 duarum
1519 1579 1731 1642 instar
1768 1579 2125 1658 legionum.
2210 1576 2522 1640 Totidem

336 1680 628 1758 legiones
655 1681 724 1742 in
755 1677 1131 1742 Sardiniam
1163 1677 1244 1740 P.
1278 1678 1538 1742 Manlio
1588 1677 1874 1742 Vulsoni
1921 1677 2190 1760 praetori
2220 1677 2524 1752 decretae,

338 1779 580 1862 quibus
608 1779 687 1844 L.
719 1779 1066 1844 Cornelius
1109 1780 1178 1842 in
1227 1779 1461 1843 eadem
1509 1779 1850 1861 provincia
1897 1779 2111 1861 priore
2150 1794 2321 1840 anno
2351 1793 2523 1855 pree-

337 1879 568 1945 fuerat.
661 1879 970 1945 Urbanas
1008 1881 1304 1961 legiones
1351 1880 1442 1943 ita
1489 1881 1779 1944 scribere
1826 1877 2137 1942 consules
2180 1875 2383 1958 jussi,
2435 1893 2518 1937 ne

339 1995 533 2060 quem
551 1983 830 2046 militem
855 1979 1168 2058 facerent,
1192 1982 1311 2064 qui
1335 1983 1402 2043 in
1426 1982 1725 2045 exercitu
1747 1980 1847 2043 Μ.
1872 1977 2162 2054 Claudii,
2192 1974 2293 2038 M.
2314 1973 2520 2038 Vale·-

322 2081 439 2156 erii,
464 2080 554 2159 Q.
601 2083 847 2160 Fulvii,
876 2082 1194 2146 fuissent:
1221 2091 1270 2131 ¹⁷
1312 2100 1480 2145 neve
1519 2101 1605 2145 eo
1646 2100 1821 2146 anno
1867 2081 2111 2162 plures,
2155 2096 2355 2160 quam
2387 2094 2521 2139 una

327 2185 410 2246 ,οἱ
438 2181 694 2261 viginti,
727 2181 1056 2246 Romanae
1085 2183 1386 2262 legiones
1413 2189 1661 2244 essent.

422 2279 532 2344 29.
579 2279 715 2342 His
767 2287 1037 2345 senatus
1098 2280 1427 2345 consultis
1486 2279 1825 2361 perfectis,
1874 2277 2091 2341 sortiti
2140 2274 2521 2359 provincias

339 2381 665 2445 consules.
749 2381 986 2445 Sicilia
1030 2387 1098 2446 et
1123 2381 1369 2446 classis
1399 2381 1748 2454 Marcello,
1779 2378 1981 2442 Italia
2011 2396 2163 2441 cum
2196 2375 2373 2439 bello
2399 2376 2523 2439 ad-

338 2499 569 2545 versus
613 2480 1058 2545 Hannibalem
1095 2481 1374 2546 Laevino
1415 2482 1661 2546 evenit.
1753 2479 1927 2557 Quae
1972 2495 2146 2553 sors,
2181 2477 2361 2540 velut
2398 2476 2521 2538 ite-

337 2597 484 2644 rum
515 2583 735 2663 captis
756 2582 1138 2664 Syracusis,
1179 2584 1280 2646 ita
1305 2581 1719 2646 exanimavit
1745 2581 2028 2651 Siculos,
2058 2575 2522 2658 expectatione

338 2682 538 2744 sortis
566 2682 634 2743 in
657 2682 1004 2746 consulum
1036 2690 1405 2764 conspectu
1428 2687 1705 2757 stanteS,
1730 2687 1807 2744 ut
1825 2678 2262 2758 comploratio
2290 2693 2522 2738 eorum

337 2781 726 2864 flebilesque
768 2800 971 2845 voces
1009 2788 1078 2844 et
1121 2781 1461 2861 extemplo
1509 2780 1746 2842 oculos
1796 2779 2131 2838 hominum
2177 2779 2525 2836 converte-

338 2881 558 2955 rent,¹⁸
611 2889 684 2945 et
733 2881 1094 2964 postmodo
1145 2899 1476 2944 sermones
1531 2874 1956 2962 praebuerint.
2066 2871 2521 2936 circumibant

339 2980 516 3043 enim
544 2985 849 3043 senatum
880 3000 1029 3044 cum
1063 2986 1250 3044 veste
1277 2979 1566 3053 sordida,
1602 2975 2025 3050 affirmantes,
2070 2977 2089 3008 ⁸
2113 2992 2188 3036 se
2218 2991 2351 3035 non
2378 2989 2520 3035 mo-

340 3080 428 3143 do
459 3098 647 3143 suam
666 3080 948 3162 quisque
977 3077 1371 3164 patriam‚¹⁹¹
1414 3080 1532 3144 sed
1556 3085 1769 3144 totam
1795 3075 2122 3151 Siciliam,
2146 3073 2519 3149 relicturos,

341 3179 400 3244 si
429 3200 511 3245 eo
542 3179 902 3246 Marcellus
932 3183 1173 3246 iterum
1213 3201 1363 3245 cum
1410 3181 1693 3262 imperio
1732 3177 2039 3242 redisset.
2131 3173 2342 3237 Nullo
2392 3191 2519 3236 suo

1247 3371 1610 3396 ‘numne‘

343 3509 444 3558 Ed.
466 3507 562 3556 nisi
584 3506 723 3571 quod
745 3521 846 3555 non
871 3505 1138 3567 distinguit
1159 3510 1278 3569 post
1298 3504 1652 3567 legionem—1⁷
1677 3506 1691 3529 ‘
1711 3500 1774 3549 In
1799 3494 2103 3562 quibusdam
2122 3493 2289 3568 Editt.
2313 3493 2525 3553 suisset,-

344 3572 436 3620 sed
474 3579 614 3619 recte
655 3585 712 3620 se
753 3570 906 3619 hebet
936 3569 1164 3632 siderent,
1201 3567 1353 3617 modo
1383 3568 1446 3616 nd
1481 3583 1541 3642 pe
1557 3580 1708 3680 gum
1738 3559 2293 3636 militemyuppleverns
2326 3558 2525 3606 eoram?

343 3636 594 3698 Doering.
661 3634 825 3683 Panlo
849 3640 970 3683 ente
993 3633 1066 3682 M.
1093 3633 1268 3682 Valerii
1291 3632 1538 3694 Fabiique
1615 3643 1723 3679 ron.
1746 3634 1801 3675 et
1828 3627 2034 3687 DouJat.
2306 3684 2318 3695 .

409 3704 470 3750 18
502 3700 624 3749 Pau
655 3698 1004 3758 moenem.-
1037 3710 1156 3747 mox
1178 3696 1264 3745 alii
1280 3696 1725 3758 postmodnm—19
1764 3689 1911 3740 Suam
1938 3699 2163 3752 quemque
2187 3688 2395 3748 patrum
2415 3697 2519 3734 ma·

1327 3899 1544 3954 NOTAE

409 4013 434 4047 Ι·
470 4013 646 4062 Eadm
663 4014 1195 4078 ramumque-naiman
1209 4013 1394 4075 habita]
1473 4027 1528 4062 re
1549 4009 1739 4061 ceteris
1758 4003 2017 4070 stipendia
2039 3998 2361 4050 meruissent.
2480 4064 2494 4078 ”

349 4089 412 4140 Iu
435 4087 754 4138 dimittendis
787 4101 966 4153 nempe
1000 4089 1196 4139 Latinis
1218 4089 1388 4144 sociis,
1533 4087 1548 4120 ί
1576 4085 1727 4134 Suam
1744 4083 1935 4147 quisqu
1961 4071 2193 4142 patriam]
2223 4073 2362 4152 Num
2388 4071 2519 4128 potr-

345 4170 407 4214 ut
447 4169 766 4213 sacramento
818 4166 1014 4215 militiae
1051 4166 1391 4227 solverentur,
1466 4176 1547 4225 us,
1583 4175 1716 4212 suum
1746 4170 1967 4223 qumque
2007 4150 2216 4216 patriam
2255 4144 2519 4202 κὶα-ΜΝ,

345 4237 593 4303 qui,nltra
611 4251 874 4288 numerum
892 4241 1388 4305 praecriptumffliu-
1465 4241 1546 4302 &o-
