<?xml version="1.0" encoding="UTF-8"?>
<!DOCTYPE html PUBLIC "-//W3C//DTD XHTML 1.0 Transitional//EN"
    "http://www.w3.org/TR/xhtml1/DTD/xhtml1-transitional.dtd">
<html xmlns="http://www.w3.org/1999/xhtml" xml:lang="en" lang="en">
 <head>
  <title>
</title>
<meta http-equiv="Content-Type" content="text/html;charset=utf-8" />
  <meta name='ocr-system' content='tesseract 3.04.00' />
  <meta name='ocr-capabilities' content='ocr_page ocr_carea ocr_par ocr_line ocrx_word'/>
</head>
<body>
  <div class='ocr_page' id='page_1' title='image "./tliviipatavinih28unkngoog_0132.png"; bbox 0 0 3159 4934; ppageno 0'>
   <div class='ocr_carea' id='block_1_1' title="bbox 551 418 1806 486">
    <p class='ocr_par' dir='ltr' id='par_1_1' title="bbox 551 418 1806 486">
     <span class='ocr_line' id='line_1_1' title="bbox 551 418 1806 486; baseline -0.001 0"><span class='ocrx_word' id='word_1_1' title='bbox 551 418 727 486; x_wconf 75' lang='lat'>2004</span> <span class='ocrx_word' id='word_1_2' title='bbox 1489 434 1560 481; x_wconf 79' lang='lat' dir='ltr'><strong>&#39;r-</strong></span> <span class='ocrx_word' id='word_1_3' title='bbox 1608 435 1806 485; x_wconf 76' lang='lat' dir='ltr'><strong>mvn</strong></span> 
     </span>
    </p>
   </div>
   <div class='ocr_carea' id='block_1_2' title="bbox 531 578 2745 3196">
    <p class='ocr_par' dir='ltr' id='par_1_2' title="bbox 539 578 2745 2079">
     <span class='ocr_line' id='line_1_2' title="bbox 551 578 2743 660; baseline 0.001 -17"><span class='ocrx_word' id='word_1_4' title='bbox 551 581 908 653; x_wconf 81' lang='lat' dir='ltr'><strong>ineuntes,·</strong></span> <span class='ocrx_word' id='word_1_5' title='bbox 941 578 1095 660; x_wconf 86' lang='lat' dir='ltr'><strong>plus</strong></span> <span class='ocrx_word' id='word_1_6' title='bbox 1139 578 1344 645; x_wconf 85' lang='lat' dir='ltr'><strong>solito</strong></span> <span class='ocrx_word' id='word_1_7' title='bbox 1387 585 1849 645; x_wconf 81' lang='lat' dir='ltr'><strong>converterant</strong></span> <span class='ocrx_word' id='word_1_8' title='bbox 1894 580 1961 645; x_wconf 91' lang='lat' dir='ltr'><strong>in</strong></span> <span class='ocrx_word' id='word_1_9' title='bbox 1993 599 2069 644; x_wconf 86' lang='lat' dir='ltr'><strong>se</strong></span> <span class='ocrx_word' id='word_1_10' title='bbox 2114 580 2417 647; x_wconf 84' lang='lat' dir='ltr'><strong>civitatis</strong></span> <span class='ocrx_word' id='word_1_11' title='bbox 2462 582 2743 646; x_wconf 76' lang='lat' dir='ltr'><strong>animos·</strong></span> 
     </span>
     <span class='ocr_line' id='line_1_3' title="bbox 556 680 2745 764; baseline 0.001 -19"><span class='ocrx_word' id='word_1_12' title='bbox 556 680 796 745; x_wconf 84' lang='lat' dir='ltr'><strong>Multis</strong></span> <span class='ocrx_word' id='word_1_13' title='bbox 819 680 1001 745; x_wconf 85' lang='lat' dir='ltr'><strong>enim</strong></span> <span class='ocrx_word' id='word_1_14' title='bbox 1030 680 1225 746; x_wconf 87' lang='lat' dir='ltr'><strong>annis</strong></span> <span class='ocrx_word' id='word_1_15' title='bbox 1270 682 1408 746; x_wconf 84' lang='lat' dir='ltr'><strong>tale</strong></span> <span class='ocrx_word' id='word_1_16' title='bbox 1439 681 1791 747; x_wconf 82' lang='lat' dir='ltr'><strong>consulum</strong></span> <span class='ocrx_word' id='word_1_17' title='bbox 1824 700 1948 764; x_wconf 85' lang='lat' dir='ltr'><strong>par</strong></span> <span class='ocrx_word' id='word_1_18' title='bbox 1976 700 2113 745; x_wconf 85' lang='lat' dir='ltr'><strong>non</strong></span> <span class='ocrx_word' id='word_1_19' title='bbox 2142 682 2375 747; x_wconf 87' lang='lat' dir='ltr'><strong>fuerat.</strong></span> <span class='ocrx_word' id='word_1_20' title='bbox 2464 681 2745 749; x_wconf 69' lang='lat' dir='ltr'><strong>Refere-</strong></span> 
     </span>
     <span class='ocr_line' id='line_1_4' title="bbox 551 780 2745 859; baseline 0.003 -15"><span class='ocrx_word' id='word_1_21' title='bbox 551 783 711 845; x_wconf 83' lang='lat' dir='ltr'><strong>bant</strong></span> <span class='ocrx_word' id='word_1_22' title='bbox 759 800 979 859; x_wconf 73' lang='lat' dir='ltr'><strong>seneS,</strong></span> <span class='ocrx_word' id='word_1_23' title='bbox 1024 782 1124 847; x_wconf 85' lang='lat' dir='ltr'><strong>sie</strong></span> <span class='ocrx_word' id='word_1_24' title='bbox 1165 780 1546 849; x_wconf 83' lang='lat' dir='ltr'><strong>Maximum</strong></span> <span class='ocrx_word' id='word_1_25' title='bbox 1602 782 1878 847; x_wconf 85' lang='lat' dir='ltr'><strong>Rullum</strong></span> <span class='ocrx_word' id='word_1_26' title='bbox 1906 790 1959 821; x_wconf 81' lang='lat'><strong>¹0</strong></span> <span class='ocrx_word' id='word_1_27' title='bbox 1979 790 2005 819; x_wconf 85' lang='lat'>⁸</span> <span class='ocrx_word' id='word_1_28' title='bbox 2056 796 2211 849; x_wconf 84' lang='lat' dir='ltr'><strong>cum</strong></span> <span class='ocrx_word' id='word_1_29' title='bbox 2262 784 2339 850; x_wconf 85' lang='lat' dir='ltr'><strong>P.</strong></span> <span class='ocrx_word' id='word_1_30' title='bbox 2384 784 2607 851; x_wconf 79' lang='lat' dir='ltr'><strong>Decio</strong></span> <span class='ocrx_word' id='word_1_31' title='bbox 2652 784 2745 852; x_wconf 85' lang='lat' dir='ltr'><strong>ad</strong></span> 
     </span>
     <span class='ocr_line' id='line_1_5' title="bbox 551 882 2745 969; baseline 0.001 -22"><span class='ocrx_word' id='word_1_32' title='bbox 551 882 800 947; x_wconf 84' lang='lat' dir='ltr'><strong>bellum</strong></span> <span class='ocrx_word' id='word_1_33' title='bbox 831 882 1192 960; x_wconf 82' lang='lat' dir='ltr'><strong>Gallicum,</strong></span> <span class='ocrx_word' id='word_1_34' title='bbox 1219 884 1321 951; x_wconf 88' lang='lat' dir='ltr'><strong>sic</strong></span> <span class='ocrx_word' id='word_1_35' title='bbox 1349 890 1592 969; x_wconf 89' lang='lat' dir='ltr'><strong>postea</strong></span> <span class='ocrx_word' id='word_1_36' title='bbox 1621 884 1971 968; x_wconf 84' lang='lat' dir='ltr'><strong>Papirium</strong></span> <span class='ocrx_word' id='word_1_37' title='bbox 1994 884 2493 968; x_wconf 82' lang='lat' dir='ltr'><strong>Carviliumque</strong></span> <span class='ocrx_word' id='word_1_38' title='bbox 2509 885 2745 951; x_wconf 82' lang='lat' dir='ltr'><strong>adver·</strong></span> 
     </span>
     <span class='ocr_line' id='line_1_6' title="bbox 551 984 2739 1069; baseline 0.002 -21"><span class='ocrx_word' id='word_1_39' title='bbox 551 1003 670 1048; x_wconf 87' lang='lat' dir='ltr'><strong>sus</strong></span> <span class='ocrx_word' id='word_1_40' title='bbox 688 984 1018 1049; x_wconf 73' lang='lat' dir='ltr'><strong>Samnites</strong></span> <span class='ocrx_word' id='word_1_41' title='bbox 1043 984 1474 1069; x_wconf 67' lang='lat' dir='ltr'><strong>Bruttiosque</strong></span> <span class='ocrx_word' id='word_1_42' title='bbox 1491 994 1564 1050; x_wconf 89' lang='lat' dir='ltr'><strong>et</strong></span> <span class='ocrx_word' id='word_1_43' title='bbox 1581 985 1935 1051; x_wconf 89' lang='lat' dir='ltr'><strong>Lucanum</strong></span> <span class='ocrx_word' id='word_1_44' title='bbox 1958 1005 2115 1051; x_wconf 86' lang='lat' dir='ltr'><strong>cum</strong></span> <span class='ocrx_word' id='word_1_45' title='bbox 2137 986 2505 1051; x_wconf 83' lang='lat' dir='ltr'><strong>Tarentino</strong></span> <span class='ocrx_word' id='word_1_46' title='bbox 2526 1006 2739 1069; x_wconf 85' lang='lat' dir='ltr'><strong>popu-</strong></span> 
     </span>
     <span class='ocr_line' id='line_1_7' title="bbox 548 1085 2742 1164; baseline 0.002 -15"><span class='ocrx_word' id='word_1_47' title='bbox 548 1085 714 1164; x_wconf 88' lang='lat' dir='ltr'><strong>lum,</strong></span> <span class='ocrx_word' id='word_1_48' title='bbox 745 1086 1058 1152; x_wconf 84' lang='lat' dir='ltr'><strong>consules</strong></span> <span class='ocrx_word' id='word_1_49' title='bbox 1083 1086 1486 1154; x_wconf 83' lang='lat' dir='ltr'><strong>declaratos.</strong></span> <span class='ocrx_word' id='word_1_50' title='bbox 1573 1086 1847 1153; x_wconf 78' lang='lat' dir='ltr'>Absens</span> <span class='ocrx_word' id='word_1_51' title='bbox 1877 1088 2248 1153; x_wconf 79' lang='lat' dir='ltr'><strong>Marcellus</strong></span> <span class='ocrx_word' id='word_1_52' title='bbox 2271 1088 2513 1152; x_wconf 86' lang='lat' dir='ltr'><strong>consul</strong></span> <span class='ocrx_word' id='word_1_53' title='bbox 2556 1096 2742 1153; x_wconf 80' lang='lat' dir='ltr'><strong>crea-&#39;-</strong></span> 
     </span>
     <span class='ocr_line' id='line_1_8' title="bbox 549 1188 2739 1272; baseline 0.002 -21"><span class='ocrx_word' id='word_1_54' title='bbox 549 1193 682 1265; x_wconf 87' lang='lat' dir='ltr'><strong>tus,</strong></span> <span class='ocrx_word' id='word_1_55' title='bbox 716 1208 868 1253; x_wconf 89' lang='lat' dir='ltr'><strong>cum</strong></span> <span class='ocrx_word' id='word_1_56' title='bbox 910 1188 996 1253; x_wconf 86' lang='lat' dir='ltr'><strong>ad</strong></span> <span class='ocrx_word' id='word_1_57' title='bbox 1043 1189 1416 1255; x_wconf 81' lang='lat' dir='ltr'><strong>exercitum</strong></span> <span class='ocrx_word' id='word_1_58' title='bbox 1443 1196 1669 1267; x_wconf 79' lang='lat' dir='ltr'><strong>esset3</strong></span> <span class='ocrx_word' id='word_1_59' title='bbox 1712 1190 2031 1270; x_wconf 82' lang='lat' dir='ltr'><strong>praesenti</strong></span> <span class='ocrx_word' id='word_1_60' title='bbox 2081 1190 2328 1266; x_wconf 84' lang='lat' dir='ltr'><strong>Fabio,</strong></span> <span class='ocrx_word' id='word_1_61' title='bbox 2359 1194 2559 1272; x_wconf 83' lang='lat' dir='ltr'><strong>atque</strong></span> <span class='ocrx_word' id='word_1_62' title='bbox 2586 1190 2739 1271; x_wconf 84' lang='lat' dir='ltr'><strong>ipso</strong></span> 
     </span>
     <span class='ocr_line' id='line_1_9' title="bbox 548 1288 2738 1372; baseline 0 -19"><span class='ocrx_word' id='word_1_63' title='bbox 548 1288 823 1353; x_wconf 87' lang='lat' dir='ltr'><strong>comitia</strong></span> <span class='ocrx_word' id='word_1_64' title='bbox 849 1288 1150 1366; x_wconf 77' lang='lat' dir='ltr'><strong>habente,</strong></span> <span class='ocrx_word' id='word_1_65' title='bbox 1191 1289 1587 1355; x_wconf 87' lang='lat' dir='ltr'><strong>consulatus</strong></span> <span class='ocrx_word' id='word_1_66' title='bbox 1626 1290 2076 1355; x_wconf 85' lang='lat' dir='ltr'><strong>continuatus.</strong></span> <span class='ocrx_word' id='word_1_67' title='bbox 2162 1290 2465 1372; x_wconf 80' lang='lat' dir='ltr'><strong>Tempus</strong></span> <span class='ocrx_word' id='word_1_68' title='bbox 2509 1309 2593 1355; x_wconf 84' lang='lat' dir='ltr'><strong>ac</strong></span> <span class='ocrx_word' id='word_1_69' title='bbox 2620 1310 2738 1354; x_wconf 82' lang='lat' dir='ltr'><strong>ne·</strong></span> 
     </span>
     <span class='ocr_line' id='line_1_10' title="bbox 545 1390 2739 1476; baseline 0.002 -23"><span class='ocrx_word' id='word_1_70' title='bbox 545 1390 826 1454; x_wconf 81' lang='lat' dir='ltr'><strong>cessitas</strong></span> <span class='ocrx_word' id='word_1_71' title='bbox 854 1390 1015 1455; x_wconf 85' lang='lat' dir='ltr'><strong>belli</strong></span> <span class='ocrx_word' id='word_1_72' title='bbox 1043 1408 1128 1455; x_wconf 90' lang='lat' dir='ltr'><strong>ac</strong></span> <span class='ocrx_word' id='word_1_73' title='bbox 1158 1390 1516 1455; x_wconf 75' lang='lat' dir='ltr'><strong>discrimen</strong></span> <span class='ocrx_word' id='word_1_74' title='bbox 1541 1410 1825 1455; x_wconf 79' lang='lat' dir='ltr'><strong>summae</strong></span> <span class='ocrx_word' id='word_1_75' title='bbox 1854 1408 2069 1457; x_wconf 82' lang='lat' dir='ltr'><strong>rerum</strong></span> <span class='ocrx_word' id='word_1_76' title='bbox 2096 1392 2460 1468; x_wconf 84' lang='lat' dir='ltr'><strong>faciebant,</strong></span> <span class='ocrx_word' id='word_1_77' title='bbox 2480 1408 2563 1455; x_wconf 87' lang='lat' dir='ltr'><strong>ne</strong></span> <span class='ocrx_word' id='word_1_78' title='bbox 2582 1394 2739 1476; x_wconf 85' lang='lat' dir='ltr'><strong>quis</strong></span> 
     </span>
     <span class='ocr_line' id='line_1_11' title="bbox 545 1491 2737 1577; baseline 0.001 -23"><span class='ocrx_word' id='word_1_79' title='bbox 545 1497 659 1555; x_wconf 87' lang='lat' dir='ltr'><strong>aut</strong></span> <span class='ocrx_word' id='word_1_80' title='bbox 705 1492 774 1554; x_wconf 91' lang='lat' dir='ltr'><strong>in</strong></span> <span class='ocrx_word' id='word_1_81' title='bbox 825 1491 1218 1575; x_wconf 84' lang='lat' dir='ltr'><strong>exemplum</strong></span> <span class='ocrx_word' id='word_1_82' title='bbox 1265 1492 1703 1575; x_wconf 64' lang='lat' dir='ltr'><strong>exquireret:</strong></span> <span class='ocrx_word' id='word_1_83' title='bbox 1754 1500 1877 1557; x_wconf 86' lang='lat' dir='ltr'><strong>aut</strong></span> <span class='ocrx_word' id='word_1_84' title='bbox 1918 1499 2305 1577; x_wconf 85' lang='lat' dir='ltr'><strong>suspectum</strong></span> <span class='ocrx_word' id='word_1_85' title='bbox 2346 1493 2737 1576; x_wconf 78' lang='lat' dir='ltr'><strong>cupiditatis</strong></span> 
     </span>
     <span class='ocr_line' id='line_1_12' title="bbox 543 1590 2743 1685; baseline 0.002 -30"><span class='ocrx_word' id='word_1_86' title='bbox 543 1590 806 1674; x_wconf 83' lang='lat' dir='ltr'><strong>imperii</strong></span> <span class='ocrx_word' id='word_1_87' title='bbox 846 1594 1198 1685; x_wconf 81' lang='lat' dir='ltr'><strong>consulem</strong></span> <span class='ocrx_word' id='word_1_88' title='bbox 1234 1594 1536 1661; x_wconf 85' lang='lat' dir='ltr'><strong>haberet.</strong></span> <span class='ocrx_word' id='word_1_89' title='bbox 1627 1593 1818 1673; x_wconf 82' lang='lat' dir='ltr'><strong>Quin</strong></span> <span class='ocrx_word' id='word_1_90' title='bbox 1846 1594 2212 1661; x_wconf 83' lang='lat' dir='ltr'><strong>laudabant</strong></span> <span class='ocrx_word' id='word_1_91' title='bbox 2240 1596 2464 1677; x_wconf 88' lang='lat' dir='ltr'><strong>potius</strong></span> <span class='ocrx_word' id='word_1_92' title='bbox 2490 1595 2743 1676; x_wconf 81' lang='lat' dir='ltr'><strong>magni·</strong></span> 
     </span>
     <span class='ocr_line' id='line_1_13' title="bbox 543 1694 2739 1781; baseline 0.001 -24"><span class='ocrx_word' id='word_1_93' title='bbox 543 1694 844 1761; x_wconf 81' lang='lat' dir='ltr'><strong>tudinem</strong></span> <span class='ocrx_word' id='word_1_94' title='bbox 890 1696 1120 1773; x_wconf 86' lang='lat' dir='ltr'><strong>animi,</strong></span> <span class='ocrx_word' id='word_1_95' title='bbox 1167 1696 1376 1780; x_wconf 87' lang='lat' dir='ltr'><strong>quod,</strong></span> <span class='ocrx_word' id='word_1_96' title='bbox 1413 1718 1570 1763; x_wconf 91' lang='lat' dir='ltr'><strong>cum</strong></span> <span class='ocrx_word' id='word_1_97' title='bbox 1616 1717 1878 1762; x_wconf 86' lang='lat' dir='ltr'><strong>summo</strong></span> <span class='ocrx_word' id='word_1_98' title='bbox 1929 1697 2337 1781; x_wconf 78' lang='lat' dir='ltr'><strong>imperatore</strong></span> <span class='ocrx_word' id='word_1_99' title='bbox 2364 1714 2519 1761; x_wconf 87' lang='lat' dir='ltr'><strong>esse</strong></span> <span class='ocrx_word' id='word_1_100' title='bbox 2561 1714 2739 1779; x_wconf 82' lang='lat' dir='ltr'><strong>opus</strong></span> 
     </span>
     <span class='ocr_line' id='line_1_14' title="bbox 541 1794 2737 1879; baseline 0 -18"><span class='ocrx_word' id='word_1_101' title='bbox 541 1796 634 1861; x_wconf 84' lang='lat' dir='ltr'><strong>rei</strong></span> <span class='ocrx_word' id='word_1_102' title='bbox 675 1794 966 1878; x_wconf 64' lang='lat' dir='ltr'><strong>publiea</strong></span> <span class='ocrx_word' id='word_1_103' title='bbox 1007 1798 1236 1873; x_wconf 76' lang='lat' dir='ltr'><strong>sciret,</strong></span> <span class='ocrx_word' id='word_1_104' title='bbox 1273 1816 1480 1879; x_wconf 88' lang='lat' dir='ltr'><strong>seque</strong></span> <span class='ocrx_word' id='word_1_105' title='bbox 1523 1816 1681 1861; x_wconf 86' lang='lat' dir='ltr'><strong>eum</strong></span> <span class='ocrx_word' id='word_1_106' title='bbox 1710 1797 1891 1861; x_wconf 84' lang='lat' dir='ltr'><strong>haud</strong></span> <span class='ocrx_word' id='word_1_107' title='bbox 1920 1797 2129 1861; x_wconf 83' lang='lat' dir='ltr'><strong>dubie</strong></span> <span class='ocrx_word' id='word_1_108' title='bbox 2154 1808 2362 1875; x_wconf 82' lang='lat' dir='ltr'><strong>esse,&#39;‘</strong></span> <span class='ocrx_word' id='word_1_109' title='bbox 2380 1804 2429 1835; x_wconf 84' lang='lat'><strong>¹¹</strong></span> <span class='ocrx_word' id='word_1_110' title='bbox 2460 1796 2737 1861; x_wconf 72' lang='lat' dir='ltr'><strong>minoris</strong></span> 
     </span>
     <span class='ocr_line' id='line_1_15' title="bbox 541 1896 2735 1982; baseline -0 -21"><span class='ocrx_word' id='word_1_111' title='bbox 541 1896 862 1961; x_wconf 81' lang='lat' dir='ltr'><strong>invidiam</strong></span> <span class='ocrx_word' id='word_1_112' title='bbox 895 1916 1114 1974; x_wconf 87' lang='lat' dir='ltr'><strong>suam,</strong></span> <span class='ocrx_word' id='word_1_113' title='bbox 1143 1898 1206 1963; x_wconf 89' lang='lat' dir='ltr'><strong>si</strong></span> <span class='ocrx_word' id='word_1_114' title='bbox 1232 1917 1364 1982; x_wconf 89' lang='lat' dir='ltr'><strong>qua</strong></span> <span class='ocrx_word' id='word_1_115' title='bbox 1391 1916 1482 1961; x_wconf 84' lang='lat' dir='ltr'><strong>ex</strong></span> <span class='ocrx_word' id='word_1_116' title='bbox 1509 1905 1562 1939; x_wconf 84' lang='lat'><strong>⁸²</strong></span> <span class='ocrx_word' id='word_1_117' title='bbox 1592 1918 1661 1963; x_wconf 87' lang='lat' dir='ltr'><strong>re</strong></span> <span class='ocrx_word' id='word_1_118' title='bbox 1690 1900 1995 1975; x_wconf 85' lang='lat' dir='ltr'><strong>oriretur,</strong></span> <span class='ocrx_word' id='word_1_119' title='bbox 2020 1916 2218 1980; x_wconf 84' lang='lat' dir='ltr'><strong>quam</strong></span> <span class='ocrx_word' id='word_1_120' title='bbox 2244 1897 2605 1962; x_wconf 77' lang='lat' dir='ltr'><strong>utilitatem</strong></span> <span class='ocrx_word' id='word_1_121' title='bbox 2638 1897 2735 1961; x_wconf 88' lang='lat' dir='ltr'><strong>rei</strong></span> 
     </span>
     <span class='ocr_line' id='line_1_16' title="bbox 539 1995 1181 2079; baseline 0 -18"><span class='ocrx_word' id='word_1_122' title='bbox 539 1998 850 2079; x_wconf 58' lang='lat' dir='ltr'><strong>publicai,</strong></span> <span class='ocrx_word' id='word_1_123' title='bbox 888 1995 1181 2061; x_wconf 82' lang='lat' dir='ltr'><strong>fecisset.</strong></span> 
     </span>
    </p>

    <p class='ocr_par' dir='ltr' id='par_1_3' title="bbox 531 2096 2735 3196">
     <span class='ocr_line' id='line_1_17' title="bbox 622 2096 2733 2180; baseline 0.001 -17"><span class='ocrx_word' id='word_1_124' title='bbox 622 2098 730 2163; x_wconf 83' lang='lat'><strong>10.</strong></span> <span class='ocrx_word' id='word_1_125' title='bbox 777 2096 938 2177; x_wconf 82' lang='lat' dir='ltr'><strong>Quo</strong></span> <span class='ocrx_word' id='word_1_126' title='bbox 981 2096 1092 2163; x_wconf 88' lang='lat' dir='ltr'><strong>die</strong></span> <span class='ocrx_word' id='word_1_127' title='bbox 1135 2097 1599 2180; x_wconf 81' lang='lat' dir='ltr'><strong>mag-istratum</strong></span> <span class='ocrx_word' id='word_1_128' title='bbox 1642 2096 1923 2164; x_wconf 86' lang='lat' dir='ltr'><strong>inierunt</strong></span> <span class='ocrx_word' id='word_1_129' title='bbox 1964 2098 2300 2176; x_wconf 86' lang='lat' dir='ltr'><strong>consules,</strong></span> <span class='ocrx_word' id='word_1_130' title='bbox 2346 2107 2625 2165; x_wconf 84' lang='lat' dir='ltr'><strong>senatus</strong></span> <span class='ocrx_word' id='word_1_131' title='bbox 2660 2102 2733 2165; x_wconf 81' lang='lat' dir='ltr'><strong>in</strong></span> 
     </span>
     <span class='ocr_line' id='line_1_18' title="bbox 541 2196 2735 2283; baseline 0.001 -19"><span class='ocrx_word' id='word_1_132' title='bbox 541 2196 878 2283; x_wconf 85' lang='lat' dir='ltr'><strong>Capitolio</strong></span> <span class='ocrx_word' id='word_1_133' title='bbox 925 2206 1036 2267; x_wconf 88' lang='lat' dir='ltr'><strong>est</strong></span> <span class='ocrx_word' id='word_1_134' title='bbox 1077 2200 1387 2265; x_wconf 71' lang='lat' dir='ltr'><strong>habitusx</strong></span> <span class='ocrx_word' id='word_1_135' title='bbox 1431 2198 1905 2283; x_wconf 85' lang='lat' dir='ltr'><strong>decretumque</strong></span> <span class='ocrx_word' id='word_1_136' title='bbox 1953 2200 2249 2267; x_wconf 88' lang='lat' dir='ltr'><strong>omnium</strong></span> <span class='ocrx_word' id='word_1_137' title='bbox 2300 2200 2607 2283; x_wconf 83' lang='lat' dir='ltr'><strong>primum,</strong></span> <span class='ocrx_word' id='word_1_138' title='bbox 2657 2208 2735 2267; x_wconf 87' lang='lat' dir='ltr'><strong>ut</strong></span> 
     </span>
     <span class='ocr_line' id='line_1_19' title="bbox 538 2301 2731 2385; baseline 0 -18"><span class='ocrx_word' id='word_1_139' title='bbox 538 2304 848 2367; x_wconf 88' lang='lat' dir='ltr'><strong>consules</strong></span> <span class='ocrx_word' id='word_1_140' title='bbox 879 2301 1268 2368; x_wconf 85' lang='lat' dir='ltr'><strong>sortirentur</strong></span> <span class='ocrx_word' id='word_1_141' title='bbox 1292 2308 1837 2385; x_wconf 78' lang='lat' dir='ltr'><strong>compararentve</strong></span> <span class='ocrx_word' id='word_1_142' title='bbox 1856 2303 2039 2367; x_wconf 87' lang='lat' dir='ltr'><strong>inter</strong></span> <span class='ocrx_word' id='word_1_143' title='bbox 2055 2322 2151 2380; x_wconf 90' lang='lat' dir='ltr'><strong>se,</strong></span> <span class='ocrx_word' id='word_1_144' title='bbox 2172 2310 2321 2367; x_wconf 79' lang='lat' dir='ltr'><strong>uter</strong></span> <span class='ocrx_word' id='word_1_145' title='bbox 2344 2305 2731 2369; x_wconf 72' lang='lat' dir='ltr'><strong>censoribus</strong></span> 
     </span>
     <span class='ocr_line' id='line_1_20' title="bbox 537 2400 2732 2487; baseline 0.001 -21"><span class='ocrx_word' id='word_1_146' title='bbox 537 2404 835 2468; x_wconf 84' lang='lat' dir='ltr'><strong>creandis</strong></span> <span class='ocrx_word' id='word_1_147' title='bbox 866 2404 1147 2469; x_wconf 87' lang='lat' dir='ltr'><strong>comitia</strong></span> <span class='ocrx_word' id='word_1_148' title='bbox 1174 2403 1452 2467; x_wconf 85' lang='lat' dir='ltr'><strong>haberet</strong></span> <span class='ocrx_word' id='word_1_149' title='bbox 1491 2400 1706 2484; x_wconf 83' lang='lat' dir='ltr'><strong>prius,</strong></span> <span class='ocrx_word' id='word_1_150' title='bbox 1739 2421 1943 2485; x_wconf 88' lang='lat' dir='ltr'><strong>quam</strong></span> <span class='ocrx_word' id='word_1_151' title='bbox 1990 2400 2075 2467; x_wconf 88' lang='lat' dir='ltr'><strong>ad</strong></span> <span class='ocrx_word' id='word_1_152' title='bbox 2122 2402 2486 2467; x_wconf 82' lang='lat' dir='ltr'><strong>exercitum</strong></span> <span class='ocrx_word' id='word_1_153' title='bbox 2529 2404 2732 2487; x_wconf 86' lang='lat' dir='ltr'><strong>profi-</strong></span> 
     </span>
     <span class='ocr_line' id='line_1_21' title="bbox 536 2502 2729 2588; baseline 0.001 -20"><span class='ocrx_word' id='word_1_154' title='bbox 536 2504 923 2570; x_wconf 85' lang='lat' dir='ltr'><strong>cisceretur.</strong></span> <span class='ocrx_word' id='word_1_155' title='bbox 1009 2504 1457 2586; x_wconf 84' lang='lat' dir='ltr'><strong>Prorogatum</strong></span> <span class='ocrx_word' id='word_1_156' title='bbox 1487 2502 1729 2567; x_wconf 89' lang='lat' dir='ltr'><strong>deinde</strong></span> <span class='ocrx_word' id='word_1_157' title='bbox 1754 2504 2101 2587; x_wconf 86' lang='lat' dir='ltr'><strong>imperium</strong></span> <span class='ocrx_word' id='word_1_158' title='bbox 2132 2505 2468 2581; x_wconf 87' lang='lat' dir='ltr'><strong>omnibus,</strong></span> <span class='ocrx_word' id='word_1_159' title='bbox 2490 2506 2607 2588; x_wconf 90' lang='lat' dir='ltr'><strong>qui</strong></span> <span class='ocrx_word' id='word_1_160' title='bbox 2638 2505 2729 2570; x_wconf 90' lang='lat' dir='ltr'><strong>ad</strong></span> 
     </span>
     <span class='ocr_line' id='line_1_22' title="bbox 533 2604 2729 2691; baseline 0.002 -22"><span class='ocrx_word' id='word_1_161' title='bbox 533 2607 866 2670; x_wconf 84' lang='lat' dir='ltr'><strong>exercitus</strong></span> <span class='ocrx_word' id='word_1_162' title='bbox 893 2611 1100 2684; x_wconf 86' lang='lat' dir='ltr'><strong>eraut,</strong></span> <span class='ocrx_word' id='word_1_163' title='bbox 1123 2605 1434 2691; x_wconf 86' lang='lat' dir='ltr'><strong>jussique</strong></span> <span class='ocrx_word' id='word_1_164' title='bbox 1457 2606 1524 2669; x_wconf 86' lang='lat' dir='ltr'><strong>in</strong></span> <span class='ocrx_word' id='word_1_165' title='bbox 1549 2605 1919 2689; x_wconf 82' lang='lat' dir='ltr'><strong>provinciis</strong></span> <span class='ocrx_word' id='word_1_166' title='bbox 1942 2624 2227 2681; x_wconf 84' lang='lat' dir='ltr'><strong>manere,</strong></span> <span class='ocrx_word' id='word_1_167' title='bbox 2248 2604 2356 2668; x_wconf 83' lang='lat' dir='ltr'><strong>Ti.</strong></span> <span class='ocrx_word' id='word_1_168' title='bbox 2378 2604 2729 2673; x_wconf 78' lang='lat' dir='ltr'><strong>Gracchus</strong></span> 
     </span>
     <span class='ocr_line' id='line_1_23' title="bbox 533 2705 2729 2786; baseline 0.001 -13"><span class='ocrx_word' id='word_1_169' title='bbox 533 2708 862 2786; x_wconf 69' lang='lat' dir='ltr'><strong>Luceriae,</strong></span> <span class='ocrx_word' id='word_1_170' title='bbox 909 2708 1025 2775; x_wconf 85' lang='lat' dir='ltr'><strong>ubi</strong></span> <span class='ocrx_word' id='word_1_171' title='bbox 1079 2728 1234 2776; x_wconf 84' lang='lat' dir='ltr'><strong>cum</strong></span> <span class='ocrx_word' id='word_1_172' title='bbox 1276 2708 1593 2775; x_wconf 73' lang='lat' dir='ltr'><strong>volonum</strong></span> <span class='ocrx_word' id='word_1_173' title='bbox 1652 2708 1958 2775; x_wconf 84' lang='lat' dir='ltr'><strong>exercitu</strong></span> <span class='ocrx_word' id='word_1_174' title='bbox 2014 2711 2180 2784; x_wconf 85' lang='lat' dir='ltr'><strong>erat,</strong></span> <span class='ocrx_word' id='word_1_175' title='bbox 2240 2705 2319 2771; x_wconf 89' lang='lat' dir='ltr'><strong>C.</strong></span> <span class='ocrx_word' id='word_1_176' title='bbox 2376 2707 2729 2775; x_wconf 81' lang='lat' dir='ltr'><strong>Terentius</strong></span> 
     </span>
     <span class='ocr_line' id='line_1_24' title="bbox 531 2804 2727 2894; baseline 0 -19"><span class='ocrx_word' id='word_1_177' title='bbox 531 2804 754 2876; x_wconf 84' lang='lat' dir='ltr'><strong>Varro</strong></span> <span class='ocrx_word' id='word_1_178' title='bbox 813 2814 880 2876; x_wconf 87' lang='lat' dir='ltr'><strong>in</strong></span> <span class='ocrx_word' id='word_1_179' title='bbox 929 2832 1086 2894; x_wconf 85' lang='lat' dir='ltr'><strong>agro</strong></span> <span class='ocrx_word' id='word_1_180' title='bbox 1137 2811 1415 2888; x_wconf 86' lang='lat' dir='ltr'><strong>Piceno,</strong></span> <span class='ocrx_word' id='word_1_181' title='bbox 1471 2808 1590 2876; x_wconf 83' lang='grc' dir='ltr'><strong>Μ’.</strong></span> <span class='ocrx_word' id='word_1_182' title='bbox 1639 2809 2058 2893; x_wconf 86' lang='lat' dir='ltr'><strong>Pomponius</strong></span> <span class='ocrx_word' id='word_1_183' title='bbox 2110 2812 2177 2873; x_wconf 87' lang='lat' dir='ltr'><strong>in</strong></span> <span class='ocrx_word' id='word_1_184' title='bbox 2239 2808 2530 2873; x_wconf 83' lang='lat' dir='ltr'><strong>Gallico.</strong></span> <span class='ocrx_word' id='word_1_185' title='bbox 2618 2810 2727 2875; x_wconf 80' lang='lat' dir='ltr'><strong>Ex</strong></span> 
     </span>
     <span class='ocr_line' id='line_1_25' title="bbox 533 2908 2727 2997; baseline -0.001 -21"><span class='ocrx_word' id='word_1_186' title='bbox 533 2914 932 2997; x_wconf 86' lang='lat' dir='ltr'><strong>praetoribus</strong></span> <span class='ocrx_word' id='word_1_187' title='bbox 964 2914 1202 2995; x_wconf 87' lang='lat' dir='ltr'><strong>prioris</strong></span> <span class='ocrx_word' id='word_1_188' title='bbox 1234 2912 1390 2975; x_wconf 89' lang='lat' dir='ltr'><strong>anni</strong></span> <span class='ocrx_word' id='word_1_189' title='bbox 1415 2918 1464 2958; x_wconf 80' lang='lat'><strong>¹³</strong></span> <span class='ocrx_word' id='word_1_190' title='bbox 1495 2930 1616 2994; x_wconf 86' lang='lat' dir='ltr'><strong>pro</strong></span> <span class='ocrx_word' id='word_1_191' title='bbox 1648 2919 1937 2994; x_wconf 79' lang='lat' dir='ltr'><strong>praetore</strong></span> <span class='ocrx_word' id='word_1_192' title='bbox 1970 2908 2058 2988; x_wconf 83' lang='lat' dir='ltr'><strong>Q.</strong></span> <span class='ocrx_word' id='word_1_193' title='bbox 2094 2909 2367 2973; x_wconf 89' lang='lat' dir='ltr'><strong>Mucius</strong></span> <span class='ocrx_word' id='word_1_194' title='bbox 2388 2915 2442 2955; x_wconf 80' lang='lat'><strong>¹⁴</strong></span> <span class='ocrx_word' id='word_1_195' title='bbox 2467 2910 2727 2974; x_wconf 87' lang='lat' dir='ltr'><strong>obtine·</strong></span> 
     </span>
     <span class='ocr_line' id='line_1_26' title="bbox 534 3011 2723 3091; baseline 0.001 -14"><span class='ocrx_word' id='word_1_196' title='bbox 534 3020 630 3077; x_wconf 88' lang='lat' dir='ltr'><strong>ret</strong></span> <span class='ocrx_word' id='word_1_197' title='bbox 660 3012 1064 3089; x_wconf 79' lang='lat' dir='ltr'><strong>Sardiniam,</strong></span> <span class='ocrx_word' id='word_1_198' title='bbox 1104 3012 1206 3077; x_wconf 87' lang='grc' dir='ltr'><strong>Μ.</strong></span> <span class='ocrx_word' id='word_1_199' title='bbox 1238 3011 1558 3077; x_wconf 85' lang='lat' dir='ltr'><strong>Valerius</strong></span> <span class='ocrx_word' id='word_1_200' title='bbox 1588 3012 1676 3076; x_wconf 86' lang='lat' dir='ltr'><strong>ad</strong></span> <span class='ocrx_word' id='word_1_201' title='bbox 1711 3012 2139 3077; x_wconf 84' lang='lat' dir='ltr'><strong>Brundisium</strong></span> <span class='ocrx_word' id='word_1_202' title='bbox 2169 3032 2303 3077; x_wconf 77' lang='lat' dir='ltr'>01·ae</span> <span class='ocrx_word' id='word_1_203' title='bbox 2348 3011 2723 3091; x_wconf 76' lang='lat' dir='ltr'><strong>maritimae,</strong></span> 
     </span>
     <span class='ocr_line' id='line_1_27' title="bbox 531 3111 2722 3196; baseline 0.001 -21"><span class='ocrx_word' id='word_1_204' title='bbox 531 3112 832 3179; x_wconf 84' lang='lat' dir='ltr'><strong>intentus</strong></span> <span class='ocrx_word' id='word_1_205' title='bbox 861 3114 1180 3179; x_wconf 85' lang='lat' dir='ltr'><strong>adversus</strong></span> <span class='ocrx_word' id='word_1_206' title='bbox 1206 3130 1440 3176; x_wconf 88' lang='lat' dir='ltr'><strong>omues</strong></span> <span class='ocrx_word' id='word_1_207' title='bbox 1461 3115 1685 3175; x_wconf 89' lang='lat' dir='ltr'><strong>motus</strong></span> <span class='ocrx_word' id='word_1_208' title='bbox 1716 3111 2017 3195; x_wconf 85' lang='lat' dir='ltr'><strong>Philippi</strong></span> <span class='ocrx_word' id='word_1_209' title='bbox 2040 3111 2491 3177; x_wconf 84' lang='lat' dir='ltr'><strong>Macedonum</strong></span> <span class='ocrx_word' id='word_1_210' title='bbox 2522 3116 2722 3196; x_wconf 82' lang='lat' dir='ltr'><strong>regis,</strong></span> 
     </span>
    </p>
   </div>
   <div class='ocr_carea' id='block_1_3' title="bbox 529 3276 2716 3471">
    <p class='ocr_par' dir='ltr' id='par_1_4' title="bbox 529 3276 2716 3471">
     <span class='ocr_line' id='line_1_28' title="bbox 585 3276 2716 3342; baseline 0 -13"><span class='ocrx_word' id='word_1_211' title='bbox 585 3281 602 3313; x_wconf 78' lang='lat'><strong>⁸</strong></span> <span class='ocrx_word' id='word_1_212' title='bbox 640 3278 908 3329; x_wconf 60' lang='lat' dir='ltr'><strong>mutabat</strong></span> <span class='ocrx_word' id='word_1_213' title='bbox 934 3278 1188 3342; x_wconf 61' lang='lat' dir='ltr'><strong>,quamn</strong></span> <span class='ocrx_word' id='word_1_214' title='bbox 1225 3278 1468 3342; x_wconf 68' lang='lat' dir='ltr'><strong>quisquan</strong></span> <span class='ocrx_word' id='word_1_215' title='bbox 1491 3276 1766 3341; x_wconf 72' lang='lat' dir='ltr'><strong>inquireret</strong></span> <span class='ocrx_word' id='word_1_216' title='bbox 1800 3277 1854 3327; x_wconf 67' lang='lat' dir='ltr'><strong>in</strong></span> <span class='ocrx_word' id='word_1_217' title='bbox 1888 3276 2119 3339; x_wconf 55' lang='lat' dir='ltr'><strong>&amp;modi</strong></span> <span class='ocrx_word' id='word_1_218' title='bbox 2140 3277 2351 3340; x_wconf 65' lang='lat' dir='ltr'><strong>factm,</strong></span> <span class='ocrx_word' id='word_1_219' title='bbox 2380 3281 2509 3329; x_wconf 65' lang='lat' dir='ltr'><strong>utut</strong></span> <span class='ocrx_word' id='word_1_220' title='bbox 2541 3279 2597 3329; x_wconf 72' lang='lat' dir='ltr'><strong>in</strong></span> <span class='ocrx_word' id='word_1_221' title='bbox 2616 3292 2716 3329; x_wconf 67' lang='lat' dir='ltr'><strong>rem</strong></span> 
     </span>
     <span class='ocr_line' id='line_1_29' title="bbox 529 3344 2201 3471; baseline -0.001 -12"><span class='ocrx_word' id='word_1_222' title='bbox 529 3344 644 3440; x_wconf 42' lang='grc' dir='ltr'><strong>ΜΨ</strong></span> <span class='ocrx_word' id='word_1_223' title='bbox 651 3345 972 3459; x_wconf 49' lang='lat' dir='ltr'><strong>{megum</strong></span> <span class='ocrx_word' id='word_1_224' title='bbox 991 3420 1088 3459; x_wconf 73' lang='lat' dir='ltr'><strong>em</strong></span> <span class='ocrx_word' id='word_1_225' title='bbox 1107 3405 1396 3468; x_wconf 58' lang='lat' dir='ltr'><strong>huiusmodi,</strong></span> <span class='ocrx_word' id='word_1_226' title='bbox 1415 3419 1578 3469; x_wconf 70' lang='lat' dir='ltr'><strong>nempe</strong></span> <span class='ocrx_word' id='word_1_227' title='bbox 1597 3420 1829 3457; x_wconf 68' lang='lat' dir='ltr'><strong>sumu</strong></span> <span class='ocrx_word' id='word_1_228' title='bbox 1848 3407 2201 3471; x_wconf 68' lang='lat' dir='ltr'><strong>inperatorem.</strong></span> 
     </span>
    </p>
   </div>
   <div class='ocr_carea' id='block_1_4' title="bbox 1445 3546 1807 3569">
    <p class='ocr_par' dir='ltr' id='par_1_5' title="bbox 1445 3546 1807 3569">
     <span class='ocr_line' id='line_1_30' title="bbox 1445 3546 1807 3569; baseline 0.011 -4"><span class='ocrx_word' id='word_1_229' title='bbox 1445 3546 1807 3569; x_wconf 61' lang='lat' dir='ltr'><strong>OOOOOOOOOOOO</strong></span> 
     </span>
    </p>
   </div>
   <div class='ocr_carea' id='block_1_5' title="bbox 523 3629 2720 3825">
    <p class='ocr_par' dir='ltr' id='par_1_6' title="bbox 523 3629 2720 3825">
     <span class='ocr_line' id='line_1_31' title="bbox 525 3629 2718 3691; baseline 0.001 -10"><span class='ocrx_word' id='word_1_230' title='bbox 525 3645 713 3691; x_wconf 71' lang='lat' dir='ltr'><strong>magne</strong></span> <span class='ocrx_word' id='word_1_231' title='bbox 733 3636 780 3679; x_wconf 76' lang='lat' dir='ltr'><strong>et</strong></span> <span class='ocrx_word' id='word_1_232' title='bbox 801 3631 932 3683; x_wconf 71' lang='lat' dir='ltr'><strong>nives</strong></span> <span class='ocrx_word' id='word_1_233' title='bbox 952 3646 1006 3682; x_wconf 82' lang='lat' dir='ltr'><strong>eo</strong></span> <span class='ocrx_word' id='word_1_234' title='bbox 1026 3646 1147 3681; x_wconf 70' lang='lat' dir='ltr'><strong>anuo</strong></span> <span class='ocrx_word' id='word_1_235' title='bbox 1169 3630 1302 3681; x_wconf 83' lang='lat' dir='ltr'><strong>Edd.</strong></span> <span class='ocrx_word' id='word_1_236' title='bbox 1326 3638 1448 3685; x_wconf 79' lang='lat' dir='ltr'><strong>ante</strong></span> <span class='ocrx_word' id='word_1_237' title='bbox 1472 3632 1701 3684; x_wconf 80' lang='lat' dir='ltr'><strong>Gronov.</strong></span> <span class='ocrx_word' id='word_1_238' title='bbox 1738 3633 1859 3683; x_wconf 75' lang='lat' dir='ltr'><strong>vid.</strong></span> <span class='ocrx_word' id='word_1_239' title='bbox 1888 3633 2013 3681; x_wconf 79' lang='lat' dir='ltr'><strong>Not.</strong></span> <span class='ocrx_word' id='word_1_240' title='bbox 2036 3629 2258 3679; x_wconf 58' lang='lat' dir='ltr'><strong>infe-10</strong></span> <span class='ocrx_word' id='word_1_241' title='bbox 2292 3631 2379 3680; x_wconf 79' lang='lat' dir='ltr'><strong>Sic</strong></span> <span class='ocrx_word' id='word_1_242' title='bbox 2402 3632 2457 3681; x_wconf 78' lang='lat' dir='ltr'><strong>T.</strong></span> <span class='ocrx_word' id='word_1_243' title='bbox 2480 3632 2718 3683; x_wconf 65' lang='lat' dir='ltr'><strong>Manlium</strong></span> 
     </span>
     <span class='ocr_line' id='line_1_32' title="bbox 527 3694 2719 3763; baseline 0.001 -18"><span class='ocrx_word' id='word_1_244' title='bbox 527 3695 664 3745; x_wconf 88' lang='lat' dir='ltr'><strong>Edd.</strong></span> <span class='ocrx_word' id='word_1_245' title='bbox 688 3699 947 3743; x_wconf 84' lang='lat' dir='ltr'><strong>vett.—11</strong></span> <span class='ocrx_word' id='word_1_246' title='bbox 982 3696 1106 3746; x_wconf 76' lang='lat' dir='ltr'><strong>Vct.</strong></span> <span class='ocrx_word' id='word_1_247' title='bbox 1152 3694 1243 3745; x_wconf 82' lang='lat' dir='ltr'><strong>lib.</strong></span> <span class='ocrx_word' id='word_1_248' title='bbox 1278 3710 1309 3744; x_wconf 79' lang='lat' dir='ltr'><strong>a</strong></span> <span class='ocrx_word' id='word_1_249' title='bbox 1349 3696 1415 3744; x_wconf 86' lang='lat' dir='ltr'><strong>ud</strong></span> <span class='ocrx_word' id='word_1_250' title='bbox 1449 3696 1627 3761; x_wconf 73' lang='lat' dir='ltr'><strong>Sigon.</strong></span> <span class='ocrx_word' id='word_1_251' title='bbox 1662 3699 1785 3763; x_wconf 74' lang='lat' dir='ltr'><strong>quod</strong></span> <span class='ocrx_word' id='word_1_252' title='bbox 1815 3711 1920 3745; x_wconf 74' lang='lat' dir='ltr'><strong>cum</strong></span> <span class='ocrx_word' id='word_1_253' title='bbox 1950 3709 2126 3743; x_wconf 75' lang='lat' dir='ltr'><strong>summo</strong></span> <span class='ocrx_word' id='word_1_254' title='bbox 2158 3694 2223 3741; x_wconf 75' lang='lat' dir='ltr'><strong>im</strong></span> <span class='ocrx_word' id='word_1_255' title='bbox 2256 3700 2440 3743; x_wconf 70' lang='lat' dir='ltr'><strong>oratore</strong></span> <span class='ocrx_word' id='word_1_256' title='bbox 2462 3710 2577 3759; x_wconf 68' lang='lat' dir='ltr'><strong>opus</strong></span> <span class='ocrx_word' id='word_1_257' title='bbox 2594 3704 2719 3747; x_wconf 71' lang='lat' dir='ltr'><strong>esset</strong></span> 
     </span>
     <span class='ocr_line' id='line_1_33' title="bbox 523 3758 2720 3825; baseline 0.002 -19"><span class='ocrx_word' id='word_1_258' title='bbox 523 3758 645 3819; x_wconf 78' lang='lat' dir='ltr'><strong>reip.</strong></span> <span class='ocrx_word' id='word_1_259' title='bbox 677 3758 907 3822; x_wconf 64' lang='lat' dir='ltr'><strong>sciretque</strong></span> <span class='ocrx_word' id='word_1_260' title='bbox 940 3774 1047 3809; x_wconf 73' lang='lat' dir='ltr'><strong>em</strong></span> <span class='ocrx_word' id='word_1_261' title='bbox 1081 3760 1208 3809; x_wconf 71' lang='lat' dir='ltr'><strong>haud</strong></span> <span class='ocrx_word' id='word_1_262' title='bbox 1241 3760 1304 3809; x_wconf 74' lang='lat' dir='ltr'><strong>du</strong></span> <span class='ocrx_word' id='word_1_263' title='bbox 1341 3760 1354 3773; x_wconf 83' lang='lat'>&#39;</span> <span class='ocrx_word' id='word_1_264' title='bbox 1414 3764 1661 3811; x_wconf 63' lang='lat' dir='ltr'><strong>ena—12</strong></span> <span class='ocrx_word' id='word_1_265' title='bbox 1695 3764 1711 3790; x_wconf 80' lang='lat'><em>⁶</em></span> <span class='ocrx_word' id='word_1_266' title='bbox 1738 3762 1815 3809; x_wconf 79' lang='lat' dir='ltr'><strong>Ea</strong></span> <span class='ocrx_word' id='word_1_267' title='bbox 1841 3773 1935 3822; x_wconf 87' lang='lat' dir='ltr'><strong>pro</strong></span> <span class='ocrx_word' id='word_1_268' title='bbox 1966 3772 2031 3807; x_wconf 75' lang='lat' dir='ltr'><strong>ea:</strong></span> <span class='ocrx_word' id='word_1_269' title='bbox 2050 3758 2201 3821; x_wconf 78' lang='lat' dir='ltr'><strong>legen</strong></span> <span class='ocrx_word' id='word_1_270' title='bbox 2242 3772 2325 3807; x_wconf 87' lang='lat' dir='ltr'><strong>um</strong></span> <span class='ocrx_word' id='word_1_271' title='bbox 2350 3759 2481 3807; x_wconf 86' lang='lat' dir='ltr'><strong>bene</strong></span> <span class='ocrx_word' id='word_1_272' title='bbox 2505 3760 2720 3825; x_wconf 81' lang='lat' dir='ltr'><strong>conjicit</strong></span> 
     </span>
    </p>
   </div>
   <div class='ocr_carea' id='block_1_6' title="bbox 523 3822 2717 3953">
    <p class='ocr_par' dir='ltr' id='par_1_7' title="bbox 523 3822 2717 3953">
     <span class='ocr_line' id='line_1_34' title="bbox 523 3822 1034 3873; baseline 0 0"><span class='ocrx_word' id='word_1_273' title='bbox 523 3822 813 3873; x_wconf 62' lang='lat' dir='ltr'><strong>Dukeruo!</strong></span> <span class='ocrx_word' id='word_1_274' title='bbox 844 3824 1034 3873; x_wconf 70' lang='lat' dir='ltr'><strong>Stroth.</strong></span> 
     </span>
     <span class='ocr_line' id='line_1_35' title="bbox 594 3885 2717 3953; baseline 0.002 -19"><span class='ocrx_word' id='word_1_275' title='bbox 594 3890 654 3935; x_wconf 71' lang='lat'><strong>1³</strong></span> <span class='ocrx_word' id='word_1_276' title='bbox 686 3896 702 3918; x_wconf 78' lang='lat'><em>⁶</em></span> <span class='ocrx_word' id='word_1_277' title='bbox 724 3888 877 3938; x_wconf 71' lang='lat' dir='ltr'><strong>Voss.</strong></span> <span class='ocrx_word' id='word_1_278' title='bbox 899 3888 1037 3937; x_wconf 86' lang='lat' dir='ltr'><strong>Gud.</strong></span> <span class='ocrx_word' id='word_1_279' title='bbox 1062 3891 1109 3937; x_wconf 72' lang='lat' dir='ltr'><strong>et</strong></span> <span class='ocrx_word' id='word_1_280' title='bbox 1142 3888 1210 3937; x_wconf 89' lang='lat' dir='ltr'><strong>P.</strong></span> <span class='ocrx_word' id='word_1_281' title='bbox 1243 3886 1420 3951; x_wconf 64' lang='lat' dir='ltr'><strong>priori·</strong></span> <span class='ocrx_word' id='word_1_282' title='bbox 1439 3889 1570 3938; x_wconf 69' lang='lat' dir='ltr'><strong>anni.</strong></span> <span class='ocrx_word' id='word_1_283' title='bbox 1640 3890 1782 3952; x_wconf 78' lang='lat' dir='ltr'><strong>Lege</strong></span> <span class='ocrx_word' id='word_1_284' title='bbox 1816 3885 1994 3951; x_wconf 77' lang='lat' dir='ltr'><strong>igitur,</strong></span> <span class='ocrx_word' id='word_1_285' title='bbox 2032 3891 2079 3936; x_wconf 74' lang='lat' dir='ltr'><strong>et</strong></span> <span class='ocrx_word' id='word_1_286' title='bbox 2109 3891 2340 3949; x_wconf 69' lang='lat' dir='ltr'><strong>pretores</strong></span> <span class='ocrx_word' id='word_1_287' title='bbox 2366 3888 2717 3953; x_wconf 56' lang='lat' dir='ltr'><strong>primuni?</strong></span> 
     </span>
    </p>
   </div>
   <div class='ocr_carea' id='block_1_7' title="bbox 1521 4030 1735 4083">
    <p class='ocr_par' dir='ltr' id='par_1_8' title="bbox 1521 4030 1735 4083">
     <span class='ocr_line' id='line_1_36' title="bbox 1521 4030 1735 4083; baseline -0.014 0"><span class='ocrx_word' id='word_1_288' title='bbox 1521 4030 1568 4083; x_wconf 76' lang='lat' dir='ltr'>N</span> <span class='ocrx_word' id='word_1_289' title='bbox 1577 4030 1735 4083; x_wconf 69' lang='lat' dir='ltr'><strong>01*AE</strong></span> 
     </span>
    </p>
   </div>
   <div class='ocr_carea' id='block_1_8' title="bbox 523 4128 2709 4353">
    <p class='ocr_par' dir='ltr' id='par_1_9' title="bbox 523 4128 2709 4353">
     <span class='ocr_line' id='line_1_37' title="bbox 589 4128 2709 4183; baseline 0.001 -5"><span class='ocrx_word' id='word_1_290' title='bbox 589 4130 620 4159; x_wconf 77' lang='lat'><strong>⁴*</strong></span> <span class='ocrx_word' id='word_1_291' title='bbox 655 4128 720 4179; x_wconf 82' lang='grc' dir='ltr'><strong>Α.</strong></span> <span class='ocrx_word' id='word_1_292' title='bbox 745 4130 810 4179; x_wconf 86' lang='lat' dir='ltr'><strong>U.</strong></span> <span class='ocrx_word' id='word_1_293' title='bbox 833 4128 894 4179; x_wconf 84' lang='lat' dir='ltr'><strong>C.</strong></span> <span class='ocrx_word' id='word_1_294' title='bbox 929 4132 1046 4180; x_wconf 74' lang='lat'><strong>⁵39.</strong></span> <span class='ocrx_word' id='word_1_295' title='bbox 1653 4130 1731 4180; x_wconf 75' lang='lat' dir='ltr'><strong>nul</strong></span> <span class='ocrx_word' id='word_1_296' title='bbox 1758 4145 1805 4179; x_wconf 81' lang='lat' dir='ltr'><strong>v.</strong></span> <span class='ocrx_word' id='word_1_297' title='bbox 1836 4129 1935 4179; x_wconf 78' lang='lat' dir='ltr'><strong>fuit</strong></span> <span class='ocrx_word' id='word_1_298' title='bbox 1958 4141 2040 4178; x_wconf 74' lang='lat' dir='ltr'><strong>an.</strong></span> <span class='ocrx_word' id='word_1_299' title='bbox 2064 4132 2177 4180; x_wconf 72' lang='lat'><strong>⁴⁶⁷.</strong></span> <span class='ocrx_word' id='word_1_300' title='bbox 2202 4143 2316 4179; x_wconf 88' lang='lat' dir='ltr'><strong>cum</strong></span> <span class='ocrx_word' id='word_1_301' title='bbox 2341 4129 2530 4183; x_wconf 82' lang='lat' dir='ltr'><strong>Publio</strong></span> <span class='ocrx_word' id='word_1_302' title='bbox 2546 4130 2709 4183; x_wconf 80' lang='lat' dir='ltr'><strong>Decio</strong></span> 
     </span>
     <span class='ocr_line' id='line_1_38' title="bbox 587 4202 2086 4271; baseline -0.001 -19"><span class='ocrx_word' id='word_1_303' title='bbox 587 4212 610 4237; x_wconf 80' lang='lat'>²</span> <span class='ocrx_word' id='word_1_304' title='bbox 639 4204 908 4254; x_wconf 68' lang='lat' dir='ltr'><strong>Maximum</strong></span> <span class='ocrx_word' id='word_1_305' title='bbox 946 4205 1166 4271; x_wconf 70' lang='lat' dir='ltr'><strong>Rullum]</strong></span> <span class='ocrx_word' id='word_1_306' title='bbox 1195 4204 1360 4257; x_wconf 83' lang='lat' dir='ltr'><strong>Immo</strong></span> <span class='ocrx_word' id='word_1_307' title='bbox 1388 4207 1454 4259; x_wconf 80' lang='lat' dir='ltr'><strong>Q.</strong></span> <span class='ocrx_word' id='word_1_308' title='bbox 1484 4206 1580 4255; x_wconf 73' lang='lat' dir='ltr'><strong>Fa·</strong></span> <span class='ocrx_word' id='word_1_309' title='bbox 1652 4206 1804 4257; x_wconf 77' lang='lat' dir='ltr'><strong>Mure</strong></span> <span class='ocrx_word' id='word_1_310' title='bbox 1826 4216 1903 4255; x_wconf 71' lang='lat' dir='ltr'><strong>lv.</strong></span> <span class='ocrx_word' id='word_1_311' title='bbox 1924 4202 2013 4253; x_wconf 84' lang='lat' dir='ltr'><strong>lib·</strong></span> <span class='ocrx_word' id='word_1_312' title='bbox 2032 4215 2086 4253; x_wconf 85' lang='lat' dir='ltr'><strong>x.</strong></span> 
     </span>
     <span class='ocr_line' id='line_1_39' title="bbox 523 4281 2141 4353; baseline 0.001 -21"><span class='ocrx_word' id='word_1_313' title='bbox 523 4281 662 4333; x_wconf 85' lang='lat' dir='ltr'><strong>bium</strong></span> <span class='ocrx_word' id='word_1_314' title='bbox 687 4282 971 4353; x_wconf 56' lang='lat' dir='ltr'><strong>Masimum</strong></span> <span class='ocrx_word' id='word_1_315' title='bbox 995 4282 1308 4348; x_wconf 79' lang='lat' dir='ltr'><strong>Rulliannm,</strong></span> <span class='ocrx_word' id='word_1_316' title='bbox 1339 4283 1428 4349; x_wconf 86' lang='lat' dir='ltr'><strong>qui</strong></span> <span class='ocrx_word' id='word_1_317' title='bbox 1461 4296 1582 4334; x_wconf 81' lang='lat' dir='ltr'><strong>con·</strong></span> <span class='ocrx_word' id='word_1_318' title='bbox 2136 4300 2141 4308; x_wconf 90' lang='lat'><strong>·</strong></span> 
     </span>
    </p>
   </div>
  </div>
 </body>
</html>
