3159 4934
544 376 718 443 2340
1486 387 1556 435 τ.
1606 375 1799 435 mvn

547 535 920 617 aperirique
944 537 1205 616 portam
1224 528 1470 612 jubent
1492 530 1879 596 :consulem
1902 526 2162 595 adesse.
2249 529 2538 612 Vigiles,
2558 526 2745 595 velut

549 636 638 699 ad
687 654 922 698 vocem
975 652 1200 697 eorum
1247 634 1552 709 excitati,
1598 633 2006 708 tumultuari,
2046 631 2401 715 trepidare,
2460 632 2679 696 moliri
2700 636 2745 679 ¹³

549 742 862 820 portam-⁰
920 734 1276 799 Cataracta
1306 734 1570 817 dejecta
1600 734 1835 799 clausa
1860 742 2025 799 erat.
2082 734 2285 799 .Eam
2318 735 2562 816 partim
2590 752 2744 799 vec-

534 840 736 919 ·tibus
765 839 1010 914 levant,
1067 837 1305 920 partim
1333 836 1609 901 funibus
1638 836 2016 901 subducunt
2046 836 2114 899 in
2156 843 2410 900 tantum
2443 834 2745 901 altitudi-

551 942 680 1017 niS‚
715 947 790 1003 ut
835 940 1064 1003 subire
1107 941 1266 1002 recti
1317 944 1616 1020 possent.
1705 937 2013 1002 Vixdum
2060 938 2231 1001 satis
2281 938 2557 1020 patebat
2595 938 2747 1014 iter,

551 1062 706 1106 cum
736 1041 1030 1124 perfugae
1077 1040 1380 1103 certatim
1416 1045 1615 1103 ruunt
1643 1058 1767 1123 per
1796 1046 2053 1123 portam
2082 1058 2102 1118 ς
2144 1049 2214 1103 et
2250 1058 2405 1131 cum
2448 1040 2749 1101 sexcenti

553 1143 762 1207 ferme
817 1144 1196 1217 intrassent,
1244 1142 1524 1205 remisso
1568 1142 1752 1219 fune,
1792 1161 1927 1224 quo
1975 1160 2303 1224 suspensa
2345 1150 2510 1229 erat,
2560 1148 2741 1204 cata·

553 1251 738 1309 racta
767 1264 1006 1327 magno
1033 1243 1252 1307 sonitu
1287 1242 1548 1307 cecidit.
1661 1244 2041 1327 Salapitani
2072 1243 2187 1307 alii
2214 1242 2521 1325 perfugas
2542 1241 2753 1323 negli-

555 1358 791 1430 genter
821 1366 909 1410 ex
941 1348 1172 1410 itinere
1203 1364 1536 1428 suspensa
1563 1346 1874 1423 humeris,
1908 1354 1979 1413 ut
2006 1348 2173 1411 inter
2198 1352 2499 1429 pacatoS‚
2522 1365 2749 1428 geren-

559 1457 664 1513 tes
698 1468 902 1525 arma,
933 1447 1288 1527 invadunt3
1323 1447 1440 1512 alii
1472 1468 1510 1512 e
1538 1449 1697 1513 turri
1728 1448 1871 1529 ejus
1900 1456 2115 1532 portae
2144 1456 2199 1495 ¹4
2226 1450 2570 1533 murisque
2592 1468 2751 1511 sax·

560 1554 644 1629 is,
689 1552 990 1627 sudibuS,
1025 1551 1210 1634 pilis,
1262 1552 1627 1615 absterrent
1668 1551 1952 1615 hostem.
2042 1550 2157 1614 Ita
2204 1549 2359 1613 inde
2409 1549 2749 1614 Hannibal

561 1661 827 1717 suamet
877 1654 1027 1735 ipse
1063 1650 1296 1715 fraude
1336 1658 1576 1734 captus
1606 1652 1814 1730 abiit3
1862 1651 2337 1734 profectusque
2370 1650 2457 1715 ad
2502 1650 2753 1716 Locro·

559 1774 704 1819 rum
767 1752 1154 1817 solvendam
1213 1753 1653 1829 obsidionem,
1708 1771 1912 1836 quam
1963 1751 2233 1816 Cincius
2256 1760 2307 1799 ¹⁵
2360 1770 2617 1815 summa
2664 1752 2754 1830 vi,

561 1856 882 1939 operibus
916 1861 1522 1937 tormentorumque
1567 1854 1745 1918 omni
1786 1873 2019 1935 genere
2060 1873 2147 1917 ex
2175 1853 2413 1918 Sicilia
2444 1853 2755 1932 advecto,

565 1958 1018 2042 oppugnabat.
1083 1956 1381 2039 Magoni,
1391 1956 1533 2039 jam
1552 1955 1735 2019 haud
1752 1956 1955 2020 ferme
1972 1954 2201 2019 fidenti
2222 1962 2627 2019 retenturum
2646 1954 2756 2019 de-

557 2058 1028 2141 fensurumque
1051 2078 1130 2123 se
1159 2059 1411 2136 urbem,
1435 2058 1650 2142 prima
1674 2077 1861 2141 spes,
1894 2062 2109 2121 morte
2136 2058 2433 2121 nuntiata
2467 2055 2757 2122 Marcel-

563 2161 636 2237 li,
677 2160 950 2226 affulsit.
1057 2160 1352 2226 Secutus
1389 2159 1547 2224 inde
1579 2162 1870 2236 nuntius,
1914 2158 2390 2232 Hannibalem,
2422 2156 2759 2225 Numida·

563 2284 712 2327 rum
735 2263 1040 2345 equitatu
1071 2264 1441 2346 praemisso,
1460 2264 1705 2345 ipsum,
1706 2270 1737 2311 Ρ
1758 2270 2085 2346 quantum
2106 2260 2481 2323 accelerare
2511 2266 2759 2343 posset,

567 2354 722 2428 cum
754 2365 1052 2446 peditum
1084 2364 1346 2445 agmine
1377 2364 1591 2446 sequi.
1681 2361 1924 2446 Itaque
1950 2364 2063 2426 ubi
2095 2362 2382 2445 primum
2420 2358 2763 2425 Numidas

568 2464 752 2530 edito
773 2486 812 2529 e
831 2464 1132 2547 speculis
1154 2465 1346 2547 signo
1375 2464 1462 2529 ad
1472 2468 1737 2527 ventare
1754 2466 1986 2542 sensit,
2006 2469 2073 2525 et
2100 2464 2271 2545 ipse,
2302 2461 2639 2545 patefacta
2660 2482 2765 2526 re-

569 2572 768 2649 pente
785 2573 1004 2649 porta,
1033 2566 1272 2630 ferox
1253 2586 1321 2629 ιιι
1348 2567 1578 2630 hostes
1611 2566 1927 2647 erumpit.
1986 2566 2077 2629 Et
2095 2565 2331 2647 primo,
2358 2564 2571 2646 magis
2602 2566 2764 2649 quia

571 2668 941 2750 improviso
974 2668 1044 2732 id
1079 2668 1350 2745 fecerat,
1384 2688 1587 2751 quam
1625 2668 1805 2751 quod
1845 2687 1965 2751 par
1992 2668 2248 2731 viribus
2286 2674 2489 2737 esset,
2518 2686 2767 2749 anceps

573 2777 908 2836 certamen
953 2776 1112 2833 erat.
1201 2770 1484 2847 Deinde,
1533 2774 1611 2835 ut
1664 2787 2101 2851 supervenere
2150 2768 2214 2831 N
2224 2766 2493 2843 umidae,
2540 2774 2765 2833 tantus

572 2892 788 2955 pavor
821 2872 1149 2935 Romanis
1180 2876 1284 2935 est
1310 2870 1623 2953 injectuS,
1655 2876 1730 2933 ut
1770 2870 2030 2953 passim
2070 2868 2157 2932 ad
2204 2886 2388 2932 mare
2428 2888 2511 2935 ac
2555 2888 2767 2933 naves

574 2973 878 3053 sugerent
917 2992 936 3049 3
994 2971 1240 3034 relictis
1295 2972 1611 3052 operibus
1683 2969 2167 3053 machinisque,
2240 2970 2484 3054 quibus
2544 2990 2769 3051 muros

559 3072 989 3156 quatiebant.
1079 3070 1188 3136 Ita
1228 3071 1510 3137 adventu
1549 3070 1964 3137 Hannibalis
1999 3072 2225 3136 soluta
2252 3070 2625 3137 Locrorum
2652 3072 2770 3135 ob·

579 3173 758 3237 sidio
793 3179 920 3236 est.

665 3273 774 3338 29.
819 3272 1195 3357 CrispinuS,
1244 3278 1608 3357 postquam
1637 3274 1704 3338 in
1744 3274 2047 3340 Bruttios
2094 3276 2465 3359 profectum
2514 3274 2769 3339 Hanni-

579 3376 805 3441 balem
835 3375 1067 3453 sensit,
1096 3377 1484 3454 exercitum,
1517 3377 1629 3441 cui
1659 3376 1917 3459 collega
1943 3377 2321 3460 praefuerat,
2352 3376 2453 3440 M.
2486 3376 2563 3440 M
2564 3377 2766 3441 arcel-

1497 3538 1736 3559 ‘conoe‘
1770 3538 1857 3558 000

585 3635 737 3684 Voss.
769 3637 948 3684 hostem
984 3634 1284 3697 querebantur
1287 3651 1331 3685 r.
1400 3636 1563 3686 Forte
1596 3652 1705 3687 vere
1680 3638 1913 3687 Ubnntur
1947 3638 2000 3688 J.
2023 3640 2081 3688 F.
2104 3638 2334 3689 Gronov.
2336 3643 2462 3688 —18
2498 3638 2635 3688 Olim
2672 3638 2749 3685 dis

586 3699 770 3748 tinctio
805 3707 922 3760 pont
953 3700 1146 3755 molitu
1180 3707 1238 3749 ut
1257 3701 1432 3751 mliri.
1467 3702 1621 3753 Porta
1644 3719 1699 3751 ca
1702 3708 2031 3753 carecta—1⁴
2054 3704 2287 3753 Rhenan-
2310 3719 2336 3753 e
2366 3704 2579 3753 turribus
2608 3709 2773 3767 porte.

591 3768 712 3811 -15
748 3762 870 3811 Vet.
895 3763 982 3810 lib.
1013 3772 1143 3812 teste
1167 3765 1342 3830 Sigon.
1375 3768 1599 3831 quaml„
1620 3768 1829 3817 Cincius.

1569 3920 1621 3972 N
1629 3918 1793 3972 OTAE

652 4010 877 4061 ‘’Molis-i
893 4011 1104 4074 portant]
1137 4012 1223 4062 lt·
1235 4013 1400 4065 Gron.
1419 4028 1484 4064 ex
1512 4014 1643 4077 Reg.
1722 4030 1817 4079 pro
1838 4024 2093 4081 satagere,
2116 4016 2313 4075 conari,
2338 4016 2477 4066 Gall.
2510 4027 2781 4066 aeremer.

584 4097 646 4137 et
661 4089 786 4139 Put.
804 4088 956 4149 vulgo
973 4088 1112 4135 mour
1087 4087 1230 4137 rime
1251 4088 1458 4145 deinde,
1489 4091 1645 4139 Porta
1726 4092 1837 4141 Cic.
1860 4092 2005 4141 Fam.
2031 4104 2105 4139 vr.
2145 4092 2300 4154 epist.
2331 4096 2409 4140 10.
2442 4092 2625 4155 ‘agam
2664 4094 2745 4156 ips
2722 4106 2778 4142 se

589 4168 832 4212 cataracta
850 4162 1030 4223 detecta
1047 4164 1206 4211 clama
1221 4170 1343 4219 erat,
1375 4179 1442 4230 qu
1411 4166 1514 4215 uod
1541 4180 1645 4215 ιιοιι
1724 4180 1822 4230 per
1848 4181 1947 4222 me,
1968 4172 2023 4215 et
2046 4165 2260 4215 moliar)

595 4246 740 4287 caret
783 4252 954 4288 neuru-
1038 4238 1208 4288 Moliri
1251 4240 1384 4289 enim
1428 4244 1646 4292 sumitur
1790 4250 1817 4285 ν
1848 4240 2031 4307 Ipsum]
2069 4242 2431 4292 Hannibalem.
