3159 4934
551 379 724 445 2048
1485 392 1552 439 r.
1600 390 1789 439 mvn

550 544 794 611 essent,
845 532 1132 615 graviter
1183 534 1250 596 iu
1298 533 1552 597 hostem
1602 531 1987 597 inciderent.
2078 530 2331 631 1⁰3adem
2381 550 2593 595 causa
2638 532 2727 597 ad

553 635 962 699 subeundum
1013 634 1290 697 arduum
1328 634 1582 697 aditum
1628 633 2133 714 instabilemque
2161 634 2531 713 ingressum
2558 650 2733 715 prae-

551 737 774 801 bebat.
863 735 992 812 Ita,
1034 736 1314 799 consilio
1357 735 1604 813 habito,
1654 754 1806 797 cum
1852 735 2067 797 omnis
2111 740 2393 798 conatus
2438 733 2731 799 ludibrio

553 845 756 913 esset,
789 838 1114 901 absistere
1145 837 1670 918 oppugnatione,
1702 840 1903 915 atque
1936 833 2307 897 obsidendo
2342 840 2597 899 tantum
2620 850 2731 897 ar·

554 956 698 1001 cere
730 946 903 1002 terra
931 937 1226 1019 marique
1255 936 1734 1001 commeatibus
1760 936 2014 999 hostem
2042 934 2315 1017 placuit.

639 1040 748 1101 35.
794 1037 1068 1102 Interim
1125 1036 1516 1113 Marcellae,
1561 1054 1712 1100 cum
1757 1034 1952 1098 tertia
1991 1034 2127 1099 sere
2172 1040 2357 1116 parte
2403 1035 2733 1101 exercitus

557 1137 644 1201 ad
702 1137 1128 1225 recipiendas
1175 1138 1374 1219 urbes
1425 1136 1785 1219 profectus,
1834 1154 1989 1217 quse
2038 1136 2107 1199 in
2156 1140 2340 1198 motu
2389 1153 2599 1199 rerum
2644 1137 2731 1201 ad

557 1237 1124 1319 Carthaginienses
1171 1237 1568 1314 defecerant,
1602 1236 1927 1299 Helorum
1953 1242 1972 1281 ³
1994 1243 2023 1280 δ’
2066 1240 2267 1317 atque
2298 1233 2732 1317 Herbessum,

557 1338 948 1402 dedentibus
1007 1338 1202 1420 ipsis,
1263 1338 1556 1418 recipit-⁴
1646 1336 1923 1416 Megara
1984 1336 2050 1399 vi
2106 1344 2307 1419 capta
2328 1345 2353 1383 ⁵
2406 1336 2609 1401 diruit
2652 1356 2734 1409 ac

557 1438 832 1520 diripuit
881 1438 968 1503 ad
1027 1439 1458 1521 reliquorum,
1509 1456 1593 1502 ac
1642 1438 1935 1499 maxime
1978 1435 2565 1517 Syracusanorum,
2610 1444 2731 1501 ter-

556 1558 791 1602 rorem.
907 1540 1035 1603 Per
1079 1539 1256 1606 idem
1305 1538 1442 1602 fere
1493 1546 1755 1619 tempus
1798 1542 1866 1599 et
1908 1536 2235 1612 Himilco,
2285 1537 2403 1620 qni
2460 1537 2546 1601 ad
2600 1537 2739 1602 Pa-

559 1641 759 1723 chyni
829 1641 1344 1721 promontorium
1365 1648 1390 1675 ⁸
1456 1640 1743 1703 classem
1818 1638 1933 1702 diu
2009 1644 2333 1715 tenuerat,
2376 1638 2467 1702 ad
2518 1638 2737 1703 Hera·

557 1742 820 1813 oleam,⁸
871 1760 1075 1823 quam
1121 1750 1372 1804 vocant
1433 1740 1755 1814 Minoam,
1800 1739 2095 1820 quinque
2138 1745 2207 1801 et
2251 1739 2483 1819 viginti
2530 1739 2741 1803 millia

557 1842 875 1924 peditum,
908 1843 1032 1905 tria
1059 1842 1380 1923 equiturn,
1411 1839 1761 1903 duodecim
1794 1838 2185 1918 elephantos
2223 1838 2583 1919 exposuit3
2626 1859 2741 1903 ne-

563 1960 896 2024 quaquam
947 1960 1094 2004 curn
1147 1942 1413 2023 quantis
1453 1936 1759 2021 copiisss
1810 1944 1960 1999 ante
2009 1942 2305 1999 tenuerat
2344 1936 2431 2000 ad
2477 1935 2739 2023 Pachy-

526 2059 712 2123 'nnm
763 2042 1064 2105 classem.
1171 2040 1304 2103 Sed
1351 2048 1713 2124 postquam
1774 2038 1862 2101 ab
1908 2036 2330 2118 Hippocrate
2382 2046 2739 2120 occupatoe

1477 2168 1832 2191 eoaeooeoeoeoo

629 2254 660 2298 8
697 2248 779 2299 Al.
813 2250 1150 2300 Pelorum—4
1186 2249 1266 2298 ΑΙ.
1297 2252 1570 2301 dedentibus
1596 2252 1715 2312 ipsis
1742 2250 2024 2311 recepit.—5
2061 2250 2311 2311 Megaram
2330 2250 2379 2298 ei
2398 2254 2585 2312 coptam
2608 2250 2743 2300 Edd-

1545 2372 1763 2421 No'rAE

569 2458 682 2493 eum
709 2447 862 2509 vulgo
885 2460 1156 2513 perperam
1189 2451 1410 2515 legatur,
1441 2451 1617 2499 omnis-
1758 2458 1781 2484 ·
1816 2452 1893 2499 Ad
1925 2452 2225 2516 Heracleam]
2260 2454 2537 2518 Heraclea,
2560 2468 2745 2515 eogno-

568 2534 656 2583 que
674 2520 748 2569 vis
771 2526 840 2570 eet
861 2536 1040 2570 werse.
1696 2525 1831 2575 mine
1843 2526 2041 2589 Minos,
2058 2529 2109 2575 in
2128 2529 2289 2578 latere
2312 2530 2518 2579 aiutrali
2538 2528 2745 2590 Sicilie,

635 2600 658 2635 ἰ
691 2593 944 2659 Helorum]
995 2598 1082 2646 Sie
1123 2598 1413 2648 emendavit
1451 2600 1617 2651 Gron.
1696 2601 1866 2649 medio
1887 2599 1997 2649 fere
2030 2602 2218 2652 itinere
2242 2604 2378 2653 lnter
2408 2604 2747 2667 Agrigentum

567 2681 682 2717 curn
711 2679 866 2719 antea
900 2678 1039 2721 esset
1060 2673 1304 2735 Pelorum,
1326 2675 1462 2737 quod
1501 2689 1615 2737 pro-
1697 2681 1751 2723 et
1782 2675 2123 2739 Selinuntem,
2144 2678 2355 2727 Maeara
2388 2679 2532 2729 initio
2573 2679 2746 2727 dicta:

570 2746 812 2792 montorii
837 2760 1018 2794 nomen
1043 2754 1139 2803 est,
1162 2762 1261 2796 non
1288 2750 1447 2808 urbis,
1471 2748 1621 2797 Helo·

570 2832 676 2867 rum
699 2826 867 2868 antem
892 2822 1132 2883 oppidum
1157 2830 1209 2871 et
1235 2825 1498 2872 castellum
1523 2822 1622 2873 fuit

575 2895 639 2942 ad
665 2896 850 2944 ostium
877 2894 1094 2945 fluminis
1129 2897 1310 2946 Helori
1333 2899 1428 2948 sub
1453 2900 1622 2949 Neeto

572 2969 725 3029 paulo
743 2982 898 3031 snpra
917 2970 1210 3031 Pachynum
1227 2974 1625 3033 promontorium

574 3040 642 3088 ad
667 3041 797 3089 latus
819 3043 1070 3090 orientale
1087 3044 1274 3091 Sicilire
1297 3062 1308 3090 :
1337 3060 1512 3108 agrum
1537 3047 1625 3094 lia·

573 3114 690 3163 buit
745 3117 1139 3165 amoenissimum
1161 3134 1174 3165 ι
1231 3117 1367 3167 unde
1409 3120 1629 3169 Ovidius

575 3204 654 3240 ιν.
680 3192 817 3241 Fast.
852 3193 867 3219 ‘
893 3192 1107 3243 Heloria
1127 3196 1352 3259 Tempe'
1376 3200 1626 3261 appellat.

575 3266 639 3316 In
665 3270 825 3318 ruinis
849 3270 999 3318 hodie
1010 3270 1153 3334 jacet
1179 3273 1227 3320 in
1252 3275 1386 3322 valle
1409 3274 1554 3337 Noti,
1573 3282 1629 3325 et

578 3360 669 3397 ora
691 3360 806 3410 qna·
829 3346 1040 3409 Louphis
1061 3347 1271 3411 dicitur,
1293 3358 1506 3398 anctore
1521 3351 1627 3399 Fa-

578 3420 730 3478 aello,
749 3437 812 3472 eo
836 3422 933 3472 loci
959 3424 1046 3471 nbi
1071 3438 1204 3473 nnnc
1229 3426 1367 3473 Muri
1389 3426 1508 3474 Ucei
1528 3426 1627 3475 Ro-

579 3497 712 3561 earb·
746 3505 800 3546 et
828 3497 1030 3545 Colieaeo
1062 3498 1125 3546 ad
1153 3500 1204 3547 S.
1230 3500 1546 3563 Philippum,
1569 3512 1629 3551 ιιι

581 3578 764 3621 eontra
803 3572 1059 3621 Fazellum
1093 3574 1300 3623 Cluver.
1338 3576 1538 3638 colligit
1561 3592 1626 3625 ex

579 3648 741 3709 ipsius
786 3648 1152 3709 descriptione.
1216 3650 1424 3699 Flavius
1481 3651 1631 3701 Abieo

582 3734 718 3769 nune
741 3728 970 3771 vocatur.

649 3804 670 3828 ¹
701 3798 779 3845 Ad
800 3797 1017 3860 Pachyni
1051 3800 1439 3863 promontorium]
1471 3802 1517 3851 E
1541 3803 1631 3852 tri-

583 3868 680 3919 bus
702 3869 888 3919 Siciliae
911 3872 1292 3934 promontoriis,
1314 3875 1447 3937 quod
1475 3878 1526 3925 in
1549 3892 1631 3926 or·

586 3953 696 3994 tum
733 3945 951 3993 maxime
989 3948 1263 4009 procurrit,
1286 3957 1441 4012 atque
1463 3952 1632 4000 orien-

586 4020 692 4068 tale
735 4019 910 4069 insulae
958 4020 1092 4067 latus
1141 4032 1256 4069 cum
1313 4024 1633 4077 meridionali

587 4094 874 4157 conjungit,
887 4092 1186 4154 Pachynum
1210 4095 1347 4160 olim,
1367 4112 1502 4149 nnnc
1523 4101 1633 4151 vni-

590 4180 656 4228 ⁸⁰
682 4168 810 4231 Copo
833 4167 1061 4217 Poscor-0.

1700 2756 1944 2812 postera
1972 2751 2165 2812 Mincii,
2197 2754 2369 2803 Cretn
2404 2753 2581 2802 insulae
2606 2765 2752 2814 rege,

1702 2838 1887 2873 nomen
1920 2826 2145 2888 aceepit,
2178 2828 2264 2891 qui
2302 2827 2573 2877 Daedalum
2606 2840 2751 2890 que-

1702 2913 1821 2947 rens
1852 2916 1913 2947 ea
1952 2902 2143 2963 potitus
2180 2910 2295 2963 επις
2329 2901 2500 2966 ibique
2535 2902 2752 2959 occisus,

1706 2974 1981 3023 Cretenses
2017 2978 2224 3026 colonos
2262 2980 2506 3042 reliquitz
2545 2978 2750 3028 tandem

1708 3048 1977 3099 Heracle-.-
1998 3064 2181 3099 nomen
2218 3052 2283 3101 ab
2312 3053 2543 3103 Hercule
2566 3054 2753 3105 sortita

1706 3133 1805 3186 est,
1826 3126 1911 3188 qui
1938 3124 2157 3187 Erycem
2182 3127 2405 3190 regionis
2428 3128 2541 3191 ejus
2578 3142 2753 3191 regem

1704 3199 1859 3249 lueto
1896 3201 2177 3250 certamine
2207 3202 2398 3252 vietum
2434 3204 2752 3265 possessione

1706 3277 1851 3337 regni
1882 3277 2025 3325 exuit
2048 3291 2114 3324 ex
2144 3292 2331 3339 pugno
2368 3279 2519 3340 lege;
2556 3280 2609 3329 in
2638 3294 2755 3330 earn

1707 3348 1896 3398 deinde
1922 3351 2163 3415 Doricus,
2190 3352 2479 3402 Cleomenis
2512 3354 2753 3405 Laeedae·

1707 3438 1911 3473 monum
1936 3425 2069 3490 regis
2088 3425 2269 3485 frater,
2284 3435 2523 3491 tanquam
2538 3443 2603 3478 ex
2618 3430 2755 3480 Her·

1708 3500 1824 3549 eule
1857 3507 2021 3563 ortus,
2054 3503 2305 3553 coloniam
2337 3503 2577 3565 deduxit,
2596 3514 2655 3555 ut
2676 3513 2757 3555 est

1709 3574 1846 3637 apud
1896 3576 2235 3627 Herodotum.
2301 3577 2383 3627 Ad
2430 3580 2629 3642 Lycum
2663 3594 2755 3631 seu

1711 3652 1879 3710 potius
1896 3650 2135 3700 Halieum
2148 3650 2357 3701 fluvium
2372 3655 2470 3702 sita
2486 3652 2603 3709 fnit,
2619 3667 2756 3705 nnnc

1710 3723 1863 3785 vulgo
1886 3724 2084 3773 Platoni
2096 3742 2115 3785 ,·
2148 3726 2233 3790 qui
2248 3726 2687 3789 Syracusanorum
2699 3737 2760 3780 et

1712 3796 2207 3861 Carthaginiensium
2252 3802 2461 3854 ditionis
2508 3806 2760 3856 terminus

1686 3870 1809 3921 fuit
1841 3880 2074 3937 tempore
2116 3877 2465 3941 Timoleontis,
2504 3879 2761 3934 Heraclea

1714 3954 1915 3998 tentum
1954 3952 2090 4000 ultra
2125 3949 2337 4002 fluvium
2375 3968 2533 4017 penes
2568 3956 2659 4007 lios
2679 3972 2759 4008 re-

1714 4033 1969 4076 manente.
2019 4027 2195 4077 Hodie
2230 4028 2282 4077 in
2321 4028 2586 4081 ruderibus
2615 4032 2764 4095 Jaeet

1710 4100 1762 4149 in
1788 4100 1917 4148 valle
1940 4100 2170 4149 Moram.

1778 4174 1801 4209 Β
1834 4174 2141 4239 Nequaquam
2161 4192 2266 4229 σιιιιι
2285 4180 2475 4243 quantis
2492 4182 2661 4247 copiis]
2676 4184 2762 4233 Ita
