3159 4934
1105 436 1251 484 mn.
1297 433 1528 486 xxm.
1574 434 1738 484 ou.
1776 419 1886 484 30.
2396 422 2571 488 2229

387 586 454 653 in
483 579 632 664 ejus
657 575 922 642 laudem
949 582 1332 658 postremus
1365 574 1827 648 Romanorum
1858 576 2351 660 imperatorum,
2381 595 2571 658 pros·

389 681 568 766 peris
593 685 731 749 tum
761 676 1052 742 maxime
1083 675 1346 741 bellicis
1375 678 1609 754 rebus,
1630 677 1923 742 caderet.

477 782 586 851 30.
629 776 1032 845 Permutatis
1058 777 1452 858 provinciis,
1479 777 1711 855 Siculi,
1758 779 1830 843 in
1868 781 2167 844 senatum
2192 775 2608 851 introducti„

395 881 600 952 multa
625 879 711 942 de
741 877 1064 942 Hieronis
1092 877 1267 958 regis
1303 877 1446 944 fide
1483 883 1811 961 perpetua
1856 897 2017 959 erga
2059 877 2387 959 populum
2435 874 2579 940 Ro-

393 999 668 1049 manum
694 978 901 1044 verba
941 976 1254 1054 fecerunt,
1285 977 1362 1042 in
1405 979 1684 1060 gratiam
1728 979 2066 1060 publicam
2116 982 2531 1052 avertentes,²
2552 983 2581 1021 ¹³

398 1084 420 1116 ‘
445 1079 938 1161 Hieronymum
965 1094 1048 1140 ac
1073 1081 1315 1160 postea
1346 1077 1833 1161 Hippocratem
1878 1085 1946 1142 et
1984 1076 2333 1160 Epicyden
2362 1079 2579 1158 tyran-

396 1197 544 1273 nos,
572 1197 726 1244 cnm
753 1177 844 1242 ob
875 1175 1034 1253 alia,
1063 1183 1200 1244 tum
1232 1183 1506 1260 propter
1531 1177 1977 1243 defectionem
2009 1177 2097 1242 ab
2130 1175 2461 1240 Romanis
2490 1176 2581 1240 ad

401 1277 870 1352 Hannibalem,
901 1277 1156 1342 invisos
1183 1277 1396 1342 fuisse
1441 1277 1594 1352 sibi.
1684 1278 1793 1342 Ob
1824 1296 1969 1342 eam
2015 1293 2293 1342 causam
2322 1281 2387 1340 et
2417 1274 2585 1340 Hie-

400 1397 742 1461 ronymum
771 1397 816 1442 a
859 1376 1268 1460 principibus
1306 1376 1673 1458 juventutis
1718 1395 1931 1460 prope
1976 1375 2252 1457 publico
2304 1373 2586 1438 consilio
2652 1441 2655 1444 ,

399 1477 836 1556 interfectum,
865 1484 936 1541 et
965 1479 1034 1542 in
1065 1476 1388 1560 Epicydis
1415 1477 1997 1560 Hippocratisque
2026 1475 2283 1542 coedem
2312 1479 2586 1555 septua-

403 1578 582 1658 ginta
600 1576 1158 1642 nobilissimorum
1173 1576 1504 1658 juvenum
1525 1574 2045 1658 conjurationem
2064 1577 2353 1652 factam
2384 1591 2587 1655 quos,

405 1676 712 1754 Marcelli
743 1695 930 1742 mora
958 1677 1334 1753 destitutos,
1363 1677 1524 1758 quia
1542 1675 1640 1743 -ad
1669 1675 2065 1758 praedictum
2108 1681 2371 1754 ternpus
2398 1691 2587 1736 exer·

405 1775 614 1852 citum
645 1776 732 1840 ad
761 1775 1136 1858 Syracusas
1161 1795 1296 1841 non
1337 1776 1772 1851 admovisset,
1816 1773 2063 1838 indicio
2108 1773 2315 1850 facto,
2360 1789 2589 1836 ornnes

407 1877 496 1940 ab
533 1877 828 1960 tyrannis
874 1876 1277 1942 interfectos.
1364 1875 1536 1940 Eam
1565 1894 1841 1957 quoque
1892 1873 2341 1956 Hippocratis
2386 1880 2591 1953 atque

407 1975 736 2058 Epicydis
777 1976 1184 2060 tyrannidem
1225 1975 1627 2042 Marcellum
1668 1975 2031 2051 excitasse,
2060 1971 2406 2037 Leontinis
2446 1991 2591 2034 cru-

409 2074 650 2138 deliter
676 2075 973 2157 direptis.
1061 2075 1425 2157 Nunquam
1469 2074 1713 2145 deinde
1758 2073 2099 2155 principes
2144 2071 2591 2154 Syracusano-

409 2191 552 2236 rum
581 2173 836 2236 desisse
863 2173 951 2237 ad
984 2171 1374 2237 Marcellum
1411 2174 1691 2238 transire
1726 2171 2194 2253 pollicerique,
2229 2189 2305 2234 se
2334 2171 2590 2243 urbem,

410 2291 564 2342 cum
590 2273 806 2350 vellet,
835 2272 900 2336 ei
928 2271 1306 2338 tradituros.
1394 2271 1530 2336 Sed
1574 2291 1723 2336 eum
1767 2270 1983 2352 primo
2009 2270 2079 2334 vi
2118 2287 2357 2351 capere
2384 2269 2593 2332 malu-

411 2371 588 2446 isse:
609 2372 812 2447 dein,
841 2390 994 2435 cum
1031 2370 1104 2434 id
1143 2365 1604 2455 neque‘terra,
1648 2387 1861 2452 neq-ue
1890 2368 2081 2444 mari,
2114 2369 2340 2433 omnia
2363 2386 2597 2450 exper-

413 2479 548 2548 tus,
601 2472 955 2556 potuisset,
1010 2475 1309 2536 auctores
1361 2470 1753 2538 traditarum
1804 2467 2289 2552 Syracusarum
2328 2469 2595 2531 fabrum

413 2573 722 2640 oerarium
772 2571 996 2639 Sosim
1043 2578 1117 2634 et
1161 2569 1494 2638 Mericum
1549 2569 1960 2652 Hispanum,
2006 2587 2207 2649 quam
2258 2567 2597 2650 principes

414 2671 980 2754 Syracusanorum
1007 2671 1276 2748 habere,
1307 2672 1512 2734 toties
1537 2668 1611 2738 id
1649 2669 2089 2750 nequicquam
2120 2667 2295 2734 ultro
2324 2665 2599 2729 offeren-

410 2774 536 2845 tes,
573 2784 1022 2850 praeoptasse:
1067 2787 1206 2848 qno
1245 2769 1507 2831 scilicet
1541 2766 1823 2846 justiore
1864 2765 1955 2825 de
1995 2783 2205 2826 causa
2233 2764 2597 2826 vetustissi-

415 2887 569 2932 mos
599 2869 824 2931 socios
854 2865 1091 2948 populi
1122 2863 1411 2927 Romani
1442 2861 1797 2927 trucidaret
1825 2878 1905 2923 ac
1932 2860 2270 2943 diriperet.
2359 2861 2436 2924 Si
2464 2877 2595 2923 non

418 2966 871 3048 Hieronymus
900 2963 987 3027 ad
1019 2963 1464 3028 Hannibalem
1491 2958 1871 3033 defecisset,
1915 2959 2032 3022 sed
2078 2958 2371 3042 populus
2400 2959 2599 3041 Syra-

421 3082 707 3150 cusanus
735 3069 806 3126 et
832 3069 1128 3140 senatus,
1159 3061 1220 3125 si
1247 3067 1474 3144 portas
1507 3059 1834 3125 Marcello
1874 3057 2276 3140 Syracusani
2308 3056 2597 3138 publice,

421 3169 490 3228 et
515 3183 674 3241 non,
704 3163 1044 3246 oppressis
1073 3161 1541 3244 Syracusanis,
1571 3158 1831 3240 tyranni
1872 3176 2097 3221 eorum
2139 3155 2600 3240 Hippocrates

422 3270 492 3329 et
517 3262 880 3348 Epicydes,
909 3261 1335 3346 clausissent,
1381 3259 1441 3323 si
1487 3255 2131 3336 Carthaginiensium
2174 3255 2415 3320 animis
2458 3255 2599 3317 bel-

1359 3433 1653 3459 OOOOmOOO
1658 3435 1687 3454 0

489 3555 524 3600 8
556 3549 573 3578 ⁸
603 3551 848 3602 Venerius
873 3549 1098 3600 malebat
1131 3549 1294 3599 Gron.
1360 3547 1459 3597 Sed
1497 3545 1737 3597 similiter
1772 3549 1981 3594 ουσιαι
2018 3555 2112 3605 pro
2151 3542 2285 3602 vulg.
2332 3545 2515 3590 vertere
2546 3543 2603 3590 et

427 3627 606 3678 synon.
627 3614 814 3680 passim
836 3614 1046 3678 dicitur,
1062 3628 1113 3663 v.
1135 3627 1182 3662 c.
1205 3624 1347 3662 xxn.
1371 3616 1450 3662 19.
1482 3618 1644 3661 xxxi.
1666 3614 1743 3659 11.
1776 3620 1977 3658 xxxvl.
1998 3610 2047 3655 7.
2080 3615 2169 3653 xr..
2187 3609 2271 3654 4².
2310 3606 2326 3631 ⁰
2345 3603 2599 3653 Averten-

1410 3751 1624 3804 1101·AE

495 3859 532 3886 ¹·
553 3853 974 3916 Preme-adema
988 3862 1164 3914 pugno
1179 3850 1386 3912 sior-im
1403 3863 1477 3900 ee·
1554 3859 1671 3903 cnm
1704 3859 1767 3895 eo
1796 3843 2063 3894 commisse
2092 3840 2335 3891 occubuit
2358 3840 2423 3890 ed
2446 3840 2603 3890 Pete·

429 3925 592 3990 punt]
623 3927 756 3976 Nem
787 3926 940 3975 victis
957 3938 1162 3988 semper
1185 3930 1341 3974 antea
1372 3923 1476 3972 Ro·
1554 3920 1675 3972 uam
1701 3919 1790 3969 lib.
1812 3931 1997 3968 xxvu.
2018 3931 2134 3979 cap.
2152 3921 2235 3965 27.

431 3999 596 4050 manis
619 3999 683 4048 ab
707 4001 1014 4062 Hannibale,
1037 3999 1228 4062 primns
1251 3997 1476 4048 omniurn
1616 4003 1643 4028 ⁸
1674 3995 1740 4044 In
1774 3993 1987 4054 meiano
2031 3991 2261 4054 publicus·
2311 3990 2599 4053 eumentes]

431 4075 712 4126 Marcellus
766 4089 1012 4138 prospere
1058 4074 1306 4128 edvereus
1357 4087 1474 4122 eum
1552 4071 1694 4126 Sive.
1714 4076 1773 4122 ut
1792 4068 1989 4120 mavult
2019 4067 2250 4119 Gronov.
2274 4069 2525 4120 ommes,
2546 4063 2601 4110 id

433 4157 754 4216 pugnaverat
791 4149 929 4213 apud
966 4148 1156 4208 Nolam
1188 4147 1282 4200 lib.
1305 4159 1474 4197 xxm.
1551 4153 1655 4206 eet,
1676 4145 1941 4198 trahentes
1963 4143 2031 4194 ad
2062 4143 2269 4194 laudem
2296 4139 2473 4206 populi
2506 4139 2601 4202 Sy·

433 4240 551 4290 cap.
570 4229 654 4275 46.
702 4226 846 4274 Idem
869 4231 1123 4288 postremo
1157 4225 1272 4274 loco
1301 4235 1476 4286 pugna
1554 4220 1805 4277 recensui.
1826 4221 1927 4270 erc.
