3159 4934
1107 413 1252 462 mn.
1301 413 1539 464 xxm.
1585 415 1747 464 cn».
1788 397 1899 463 35.
2432 399 2605 470 1955

353 560 672 624 tirones
689 563 814 644 (ea
839 557 1132 624 maxima
1159 577 1318 642 pars
1341 559 1655 624 volonum
1682 556 1894 636 erat)⁴
1919 567 2385 626 assuescerent
2412 563 2605 644 signa

355 664 634 748 sequi,
689 667 760 726 et
817 662 886 727 in
944 661 1092 726 acie
1149 679 1518 743 agnoscere
1574 661 1844 726 ordines
1902 679 2089 726 suos.
2205 661 2387 728 Inter
2446 683 2605 746 quae

361 764 714 829 maxima
741 764 954 830 inerat
981 781 1144 828 cura
1173 761 1380 838 duci,5
1397 757 1424 798 ¹²
1452 765 1681 846 itaque
1711 762 1953 846 legatis
1984 763 2405 850 tribunisque
2432 785 2608 848 prae·

361 871 715 950 ceperat,
756 869 779 900 ‘
806 883 888 930 ne
933 885 1066 949 qua
1107 866 1538 948 exprobratio
1588 865 1899 949 cuiquam
1916 862 1947 904 ⁶
1993 865 2241 932 veteris
2290 863 2607 931 fortunae¹

362 963 817 1034 discordiam
846 967 1016 1031 inter
1043 967 1312 1032 ordines
1352 975 1641 1032 sereret:
1687 973 1883 1033 vetus
1925 967 2123 1032 miles
2171 967 2398 1046 tironi,
2440 967 2609 1033 liber

363 1069 642 1134 voloni
673 1087 827 1134 sese
858 1068 1209 1150 exaequari
1253 1068 1540 1136 sineret:
1586 1087 1817 1133 omnes
1860 1068 2031 1132 satis
2070 1069 2384 1135 honestos
2414 1087 2607 1152 gene-

361 1188 744 1254 rososque
773 1171 1105 1249 ducerent,
1143 1172 1386 1253 quibus
1418 1188 1606 1236 arma
1636 1189 1764 1234 sua
1792 1170 2119 1252 signaque
2140 1169 2433 1253 populus
2464 1168 2607 1236 Ro-

365 1289 646 1336 manus
667 1272 1128 1338 commisisset.
1175 1267 1352 1349 Quae
1373 1271 1643 1338 fortuna
1663 1270 2001 1354 coegisset
2021 1273 2116 1336 ita
2129 1270 2299 1349 fieri,
2317 1273 2609 1338 eandem

371 1391 652 1455 cogere
696 1373 859 1439 tueri
905 1373 1207 1439 factum?
1296 1373 1398 1438 Ea
1449 1393 1583 1438 non
1634 1375 1883 1459 majore
1925 1393 2087 1439 cura
2131 1379 2477 1458 praecepta
2522 1374 2609 1438 ab

377 1473 704 1541 ducibus
733 1481 920 1552 sunt,
957 1494 1162 1558 quam
1192 1495 1235 1540 a
1260 1476 1589 1542 militibus
1622 1479 2029 1541 observata:
2073 1476 2391 1559 brevique
2423 1479 2613 1542 tanta

381 1576 786 1642 concordia
833 1576 1228 1643 coaluerant
1269 1577 1566 1641 omnium
1614 1577 1843 1648 animi,
1882 1581 1959 1640 ut
2008 1595 2215 1660 prope
2259 1578 2331 1640 in
2376 1576 2614 1640 oblivi-

387 1696 614 1744 onem
673 1679 986 1755 veniret,⁷
1045 1696 1182 1760 qua
1239 1697 1332 1742 ex
1393 1678 1777 1742 conditione
1826 1679 2115 1762 quisque
2176 1683 2361 1742 esset
2416 1677 2613 1744 miles

383 1778 666 1844 factus.
753 1778 934 1844 Haec
983 1778 1210 1862 agenti
1255 1777 1572 1845 Graccho
1622 1778 1823 1861 legati
1873 1778 2163 1843 Cumani
2208 1779 2611 1856 nuntiarunt,

387 1899 570 1966 quae
597 1900 644 1946 a
670 1879 1034 1964 Campanis
1062 1880 1310 1963 legatio
1339 1899 1603 1974 paucos
1630 1887 1787 1946 ante
1818 1880 1969 1945 dies
2001 1879 2324 1957 venisset,
2355 1883 2423 1943 et
2452 1879 2615 1963 quid

388 1982 496 2046 iis
528 1983 662 2066 ipsi
691 1982 1228 2066 respondissent:
1260 1983 1551 2048 triduum
1583 1989 1747 2065 post
1764 2003 1915 2046 eum
1948 1983 2127 2047 diem
2150 1983 2385 2070 festum
2414 2000 2614 2045 esse:

393 2103 554 2148 non
583 2091 880 2152 senatum
907 2085 1124 2149 solum
1163 2103 1426 2148 omnem
1467 2084 1564 2149 ibi
1610 2084 1933 2163 futurum,
1981 2083 2103 2149 sed
2152 2090 2375 2148 castra
2404 2083 2615 2148 etiam

397 2191 480 2250 et
509 2187 872 2249 exercitum
897 2184 1337 2269 Campanum.
1397 2183 1773 2263 Gracchus,
1791 2185 2008 2270 jussis
2033 2182 2358 2248 Cumanis
2386 2183 2616 2248 omnia

403 2295 512 2352 e'x
541 2287 720 2369 agris
749 2287 822 2350 in
849 2287 1074 2350 urbem
1105 2286 1494 2362 convehere,
1539 2293 1611 2351 et
1645 2305 1910 2352 manere
1950 2287 2130 2351 intra
2176 2303 2427 2362 muros,
2469 2287 2617 2367 ipse

403 2388 662 2472 pridie,
697 2409 904 2474 quam
947 2388 1242 2452 statum⁸
1289 2387 1697 2454 sacrificium
1728 2387 2097 2473 Campanis
2125 2393 2326 2464 esset,
2367 2386 2621 2452 Cumas

403 2496 646 2554 movet
697 2495 942 2555 castra.
1030 2489 1278 2554 Hamae
1323 2489 1476 2554 inde
1523 2491 1653 2555 tria
1699 2491 1913 2556 millia
1965 2509 2293 2574 passuum
2344 2489 2617 2553 absunt.

405 2589 458 2656 J
463 2610 573 2656 am
623 2590 957 2674 Campani
1002 2611 1082 2656 eo
1129 2591 1520 2674 frequentes
1583 2610 1673 2656 ex
1727 2592 2109 2675 composito
2156 2595 2620 2667 convenerant,

409 2711 548 2756 nec
592 2692 826 2775 procul
863 2691 1016 2758 inde
1054 2692 1127 2756 in
1173 2691 1446 2757 occulto
1487 2691 1751 2756 Marius
1782 2691 2003 2756 Alfius
2027 2699 2069 2726 '¹²
2116 2690 2621 2758 Medixtuticus

1343 2836 1368 2854 0
1374 2835 1582 2856 Μθθ
1586 2837 1672 2858 ‘OG
1675 2837 1703 2856 Ο

404 2943 447 2988 5
481 2943 498 2966 ‘
523 2937 660 2986 Inter
677 2951 782 3000 με
803 2938 1062 2986 mardie
1093 2935 1306 2985 maxima
1336 2941 1442 2986 erat
1474 2951 1590 2986 euro
1609 2936 1719 2986 deci
1741 2935 1873 2986 Edd.
1904 2941 2029 2986 ante
2058 2935 2291 2986 Gronov.
2364 2934 2501 2983 Inter
2520 2948 2625 2996 qua

419 3016 556 3050 mx.
575 3001 734 3050 iamt
757 3005 856 3050 tum
888 3015 1004 3050 carn
1027 2999 1152 3051 dant
1174 3000 1403 3051 Gronov.
1427 3003 1657 3051 Crevier.
1683 3001 1986 3052 vocabulum
2016 3001 2277 3051 concordio
2296 2997 2361 3048 ab
2392 2997 2455 3047 iis
2480 2997 2627 3048 eddi-

422 3069 534 3114 tum
555 3072 654 3126 est,
689 3067 778 3128 qui
809 3079 912 3114 non
949 3065 1294 3128 intelligentes
1326 3066 1506 3129 itaque,
1530 3068 1755 3131 positum
1778 3081 1894 3117 esse
1917 3079 2011 3130 pro
2032 3071 2175 3130 utque
2194 3065 2264 3114 sie
2286 3063 2623 3114 nesciebant)

417 3129 606 3180 &rotla-
671 3130 794 3180 vid.
825 3129 918 3182 inf.
951 3137 1008 3180 et
1043 3131 1174 3180 Not.
1207 3131 1432 3181 Van-6
1465 3131 1543 3181 Ne
1575 3147 1719 3196 quam
1755 3132 2057 3196 exprobratio
2089 3131 2311 3194 cuiqnam
2338 3129 2475 3179 Edd.
2500 3137 2627 3179 ante

1411 3259 1625 3311 NOTAE

488 3355 514 3391 ¹¹
547 3357 685 3406 Inter
715 3369 824 3420 qua
855 3355 1067 3404 maximo
1088 3353 1249 3403 inerat
1277 3353 1490 3418 [concon
1570 3355 1794 3406 maxima
1818 3362 1957 3403 esset
1974 3367 2099 3403 eura
2120 3353 2445 3416 Sempronio.

425 3434 519 3484 aia
531 3435 742 3483 maxima
760 3431 890 3494 erut]
908 3447 1021 3482 cara
1039 3431 1170 3494 duci]
1191 3431 1381 3497 Vulgo.
1393 3432 1489 3482 ita·
1638 3431 1653 3465 ¹
1684 3431 2005 3495 Exprobratio
2025 3429 2241 3493 euiqtmn
2270 3428 2448 3477 veleris
2462 3427 2633 3486 fimu-

425 3523 514 3572 qae
533 3509 790 3558 cumdio
820 3507 1032 3556 maxime
1064 3513 1166 3557 erat
1205 3523 1320 3558 citra
1345 3509 1487 3561 duci.-
1567 3509 1668 3573 κο]
1708 3507 1837 3557 Hac
1882 3506 2171 3569 presertim
2207 3503 2275 3553 ob
2310 3503 2521 3554 volones
2561 3518 2633 3554 ex

427 3585 650 3634 mutavit
672 3584 964 3634 Gronovius
983 3585 1118 3648 quod
1153 3585 1310 3649 aliqui
1344 3587 1486 3635 meli-

425 3673 572 3710 orum
601 3660 836 3709 eodieum
859 3662 1100 3722 ignorent
1117 3659 1178 3708 ro
1195 3662 1456 3710 cmosrdiae
1468 3677 1486 3710 .-

423 3735 561 3786 unde
585 3735 714 3784 iilud
749 3735 926 3798 itaque,
950 3734 1086 3798 qnod
1119 3735 1370 3799 sequitur,
1400 3751 1487 3787 ne·

429 3820 517 3874 get
552 3826 666 3861 esse
691 3813 913 3874 canule,
945 3809 1037 3858 sed
1073 3810 1300 3873 positum
1323 3824 1418 3874 pro
1439 3817 1490 3860 et

428 3886 518 3936 ite.
591 3887 784 3935 Verum
843 3885 1118 3948 perspicua
1171 3887 1332 3950 magis
1387 3885 1488 3936 erit

429 3964 708 4023 sententia,
730 3963 774 4012 si
809 3963 1124 4012 retineamus
1158 3977 1342 4013 nomen
1380 3979 1489 4013 coa·

429 4041 622 4101 mie,
641 4038 776 4102 quod
816 4046 870 4087 et
901 4039 1082 4101 scripti
1117 4051 1220 4087 non
1254 4041 1408 4103 pauci
1435 4048 1492 4089 et

431 4117 562 4166 editi
583 4115 802 4175 habeon
829 4122 884 4164 et
905 4116 1124 4164 suadem
1139 4129 1256 4180 qun
1272 4129 1492 4179 sequun-

434 4203 534 4243 tur.
606 4191 805 4254 Alioqui
839 4205 1088 4254 suspensa
1113 4189 1492 4254 quodammodo

433 4276 572 4321 esset
603 4268 789 4330 oratio,
811 4281 908 4317 nec
933 4275 1211 4331 appareret
1245 4267 1391 4331 cujus
1417 4269 1490 4317 rei

1567 3583 1743 3632 servili
1766 3582 2067 3632 conditione
2087 3581 2139 3629 in
2176 3579 2407 3630 militiam
2440 3592 2629 3630 novam

1567 3660 1837 3709 admissos.

1632 3743 1669 3770 ¹·
1701 3735 1895 3785 Mar-im
1914 3732 2096 3799 Affiu]
2132 3734 2326 3784 Marius
2347 3734 2429 3785 hie
2449 3734 2632 3792 Alfius,

1568 3813 1656 3876 qui
1680 3824 1904 3861 summus
1928 3811 2295 3874 magistratus:
2332 3811 2385 3860 in
2423 3813 2633 3876 optimis

1569 3888 1837 3938 codicibus
1880 3895 1983 3948 est,
2030 3887 2221 3936 Marius
2260 3887 2435 3949 Alpino
2474 3889 2633 3937 edixit

1567 3964 1645 4012 ati
1676 3963 1759 4027 qni
1788 3977 1995 4012 muns
2030 3963 2379 4023 magistrates.-
2424 3961 2561 4011 unde
2602 3977 2635 4012 a

1570 4037 1835 4086 Gronovio
1878 4036 2049 4087 factus
2087 4037 2462 4086 Medixeutim:
2494 4036 2632 4099 quod

1573 4127 1757 4163 nornen
1784 4113 1966 4161 summi
1988 4113 2315 4176 magistratus
2338 4113 2533 4172 Cepuae
2556 4109 2636 4160 fn-

1573 4191 1675 4238 isse
1698 4196 1899 4237 constat
1924 4201 1991 4236 ex
2014 4186 2103 4235 lib.
2126 4199 2291 4234 xxm.
2314 4199 2361 4234 c.
2390 4189 2468 4234 19.
2494 4186 2633 4235 aliis-

1571 4279 1673 4330 que
1698 4264 1838 4314 locis.
