3159 4934
1069 449 1208 495 mn.
1258 441 1496 497 xxm.
1521 389 1708 497 ὀμ».
1748 433 1857 498 31.
2374 429 2550 500 1945

321 587 668 654 niomium
692 585 883 658 'diem
921 589 1258 657 ediceret:
1304 591 1462 658 inde
1503 597 1576 656 nt
1604 591 1897 674 legiones
1919 589 1949 632 ⁶
1988 593 2053 656 in
2084 599 2307 658 castra
2340 594 2549 660 Clan-

325 687 600 755 diana¹¹
631 711 831 775 supra
870 693 1264 759 Suessulam
1307 693 1819 760 deducerentur.
1911 693 2087 773 Quae
2126 697 2220 760 ibi
2254 696 2545 775 legiones

323 803 598 869 essent,
619 793 841 878 (erant
867 799 1084 858 autem
1119 794 1494 859 Cannensis
1515 796 1811 860 maxime
1839 793 2235 878 exercitus,)
2261 816 2381 860 eas
2410 797 2543 879 Ap.

325 895 676 962 Claudius
707 898 992 962 Pulcher
1019 907 1264 982 praetor
1295 899 1360 962 in
1401 899 1705 962 Siciliam
1744 900 2105 984 trajiceret3
2153 917 2445 983 quaeqne
2475 899 2543 962 in

324 995 588 1062 Sicilia
630 1006 880 1070 essent,
913 998 1200 1063 Romam
1243 999 1767 1082 deportarentur.
1856 999 1965 1063 Ad
2008 1003 2402 1077 exercitum,
2434 999 2543 1063 cui

322 1099 420 1161 ad
455 1099 991 1163 conveniendum
1025 1100 1224 1165 Cales
1255 1101 1482 1164 edicta
1511 1100 1655 1165 dies
1684 1110 1853 1178 erat,
1878 1101 1976 1164 M.
1998 1097 2329 1166 Claudius
2363 1101 2543 1166 Mar-

321 1200 566 1264 cellus
605 1201 898 1282 missns3
941 1203 1136 1286 isque
1158 1203 1392 1286 jussus
1427 1201 1498 1266 in
1537 1211 1755 1269 castra
1800 1204 2175 1270 Claudiana
2219 1205 2545 1267 deducere

319 1303 632 1366 urbanas
670 1303 983 1385 legiones.
1071 1302 1180 1368 Ad
1217 1311 1507 1370 veterem
1545 1308 1903 1371 exercitum
1937 1305 2397 1389 accipiendum
2430 1304 2547 1368 de-

323 1403 858 1487 ducendamque
889 1406 1050 1470 inde
1077 1407 1142 1470 in
1173 1407 1472 1472 Siciliam
1492 1415 1519 1455 ⁷
1549 1407 1631 1470 Τ.
1668 1407 1980 1471 Metilius
2027 1407 2236 1472 Croto
2278 1408 2545 1490 legatus

320 1505 420 1568 ab
459 1504 605 1590 Ap.
641 1505 925 1571 Claudio
973 1515 1078 1572 est
1120 1509 1398 1572 missus.
1486 1508 1706 1573 Taciti
1757 1509 1979 1590 primo
2026 1511 2549 1590 expectaverant

321 1607 674 1685 homineS,
734 1610 829 1671 uti
898 1609 1138 1672 consul
1212 1609 1490 1674 comitia
1560 1610 1837 1690 collegae
1862 1607 2183 1673 -creando
2252 1608 2546 1672 haberet.

323 1707 640 1783 Deinde,
685 1708 803 1771 ubi
847 1709 1253 1790 ablegatum,
1283 1708 1466 1772 velut
1509 1709 1593 1772 de
1632 1708 1983 1785 industria,
2017 1708 2119 1772 Μ.
2154 1707 2545 1772 Marcellum

325 1803 676 1886 viderunt,
709 1829 904 1894 quem
939 1811 1235 1874 maxime
1257 1807 1284 1848 ⁸
1329 1811 1665 1874 consulem
1696 1811 1763 1874 in
1790 1829 1943 1874 eum
1977 1829 2219 1874 annum
2252 1810 2340 1874 ob
2366 1829 2547 1890 egre-

325 1913 444 1994 gie
479 1912 552 1977 in
597 1918 884 1994 praetura
915 1931 1020 1975 res
1049 1916 1273 1992 gestas
1311 1913 1520 1976 creari
1553 1912 1895 1988 volebant,
1925 1912 2233 1976 fremitus
2262 1911 2330 1974 in
2358 1911 2549 1974 curia

327 2021 445 2078 est
491 2019 704 2078 ortus.
790 2011 996 2090 Quod
1045 2013 1164 2078 ubi
1214 2013 1430 2080 sensit
1476 2013 1737 2096 consul,
1785 2011 2255 2096 ‘Utrumqne,'
2304 2011 2545 2097 inquit,

327 2121 353 2150 ‘
379 2136 424 2178 e
470 2135 544 2178 re
592 2114 864 2198 publica
900 2115 1048 2191 fuit,
1087 2114 1328 2178 Patres
1367 2115 1754 2197 conscripti,
1794 2121 1861 2178 et
1902 2113 2003 2176 M.
2047 2113 2405 2177 Claudium
2458 2114 2547 2178 ad

329 2214 830 2298 permutandos
860 2215 1196 2280 exercitus
1225 2216 1293 2278 in
1324 2215 1760 2298 Campaniam
1786 2213 2142 2298 proficisci,
2176 2220 2245 2278 et
2273 2215 2551 2278 comitia

331 2335 478 2382 non
526 2317 718 2402 prins
767 2315 966 2394 edici,
997 2334 1196 2400 quam
1245 2317 1308 2379 is
1349 2316 1526 2394 inde,
1561 2317 1890 2394 consecto,
1921 2315 2104 2397 quod
2154 2312 2545 2378 mandatum

331 2425 474 2496 est,
520 2409 818 2498 negotio,
866 2415 1294 2498 revertisset3
1341 2422 1412 2483 ut
1456 2437 1579 2482 vos
1626 2417 1995 2493 consulem,
2037 2435 2237 2498 quern
2282 2422 2548 2497 tempus

333 2519 434 2583 rei
491 2518 780 2602 publicae
831 2517 1231 2600 postularet,
1284 2536 1480 2602 quem
1538 2518 1834 2582 maxime
1892 2517 2122 2595 vultis,
2170 2514 2551 2582 haberetis?

336 2619 460 2684 lta
509 2619 594 2682 de
647 2619 962 2695 comitiiS,
1018 2618 1230 2682 donec
1281 2618 1483 2681 rediit
1539 2615 1933 2696 Marcellus,
1994 2617 2339 2681 silentium
2398 2617 2548 2682 suit.

337 2720 610 2784 Interea
659 2718 994 2782 duumviri
1049 2719 1252 2782 creati
1304 2724 1461 2781 sunt
1510 2715 1601 2794 Q.
1650 2716 1908 2781 Fabius
1964 2716 2308 2781 Maximus
2357 2723 2425 2780 et
2466 2715 2551 2780 Τ.

341 2819 689 2884 Otacilius
751 2818 1060 2895 CrassuS,
1117 2817 1384 2882 aedibus
1441 2817 1856 2894 dedicandis,
1918 2814 2135 2880 Menti
2192 2815 2553 2896 Otacilius,

341 2915 613 2987 Fabius
642 2917 890 2984 Veneri
923 2917 1251 3002 Erycinae.
1343 2913 1644 3000 Utraque
1676 2918 1741 2982 in
1772 2916 2116 3001 Capitolio
2166 2922 2293 2996 est,
2332 2916 2553 2982 canali

1263 3096 1631 3118 000000000000

341 3231 620 3282 munh—6
651 3233 664 3258 ⁸
685 3229 803 3278 Inde
822 3233 875 3278 ut
897 3229 1104 3292 legiones
1126 3227 1266 3276 edidi
1293 3241 1386 3290 pro
1410 3226 1547 3290 vulg.
1579 3227 1692 3278 iude
1722 3241 1811 3276 sex
1845 3225 2050 3285 legiones
2068 3241 2084 3272 .·
2116 3237 2231 3273 nam
2272 3223 2339 3273 de
2368 3225 2551 3276 iisdem

341 3295 526 3346 duabus
545 3291 808 3356 legionibus
832 3293 1024 3341 urbanis
1060 3293 1249 3353 agitur,
1271 3298 1324 3338 et
1351 3303 1439 3338 sex
1467 3289 1754 3352 legionibus
1780 3302 1929 3336 nemo
1954 3289 2004 3335 in
2030 3287 2127 3338 hoc
2164 3287 2300 3335 bello
2326 3288 2557 3348 praefuit.

344 3361 489 3410 Hinc
511 3373 592 3407 eae
623 3357 756 3421 conj.
783 3355 1022 3406 Perizon.
1045 3362 1103 3403 nt
1126 3353 1170 3404 A
1198 3361 1452 3403 mut-mm
1478 3353 1546 3402 cit
1565 3353 1619 3402 in
1646 3353 1727 3402 X.-
1767 3353 1841 3400 11oe
1863 3360 1915 3399 et
1936 3357 1989 3399 nt
2016 3351 2215 3400 Stroth.
2282 3351 2552 3403 Posterius

335 3423 543 3488 ⁴recepi,
563 3422 686 3486 qnia
707 3435 773 3470 ex
804 3421 898 3469 Vr
929 3418 1176 3469 facillime
1207 3417 1286 3468 V!
1305 3419 1474 3469 enasci
1519 3416 1727 3481 potnit!
1762 3416 2063 3478 stirpem—'1
2098 3414 2183 3463 Al.
2216 3415 2556 3466 deducendum-

1345 3572 1556 3623 NOTAE

415 3678 438 3704 “
469 3670 534 3720 In
555 3675 717 3720 castra
741 3667 1032 3731 Claudiana]
1066 3669 1194 3719 Cum
1218 3667 1322 3717 dno
1345 3682 1413 3717 ex
1495 3669 1582 3726 da,
1620 3682 1735 3732 quoe
1758 3681 1914 3731 supr·
1936 3663 2231 3717 Stiessnlam
2264 3667 2433 3730 posita
2465 3668 2554 3717 ha·

349 3754 506 3809 gente
537 3745 752 3794 Claudia
777 3744 828 3792 in
867 3745 1085 3808 irnperio
1115 3751 1310 3798 essent,
1335 3744 1414 3793 M.
1492 3745 1687 3794 bebat:
1740 3747 1922 3794 mirum
1950 3753 2119 3794 tamen
2144 3744 2281 3808 quod
2305 3745 2555 3795 (nandino

351 3821 598 3871 Claudius
621 3819 907 3869 Marcellus
927 3820 1219 3884 proconsul,
1234 3826 1289 3867 et
1309 3819 1412 3882 Ap·
1495 3821 1782 3870 Marcellus
1817 3822 1866 3868 in
1890 3829 2062 3869 castra
2086 3819 2370 3869 Claudiana
2396 3819 2554 3881 legio·

353 3895 470 3958 pius
499 3895 743 3945 Claudius
781 3895 1008 3944 Pulcher
1043 3904 1265 3960 praetcr3
1310 3909 1415 3942 am·
1492 3911 1582 3945 nes
1619 3896 1878 3948 deducere
1900 3897 2077 3960 jussu·
2118 3895 2341 3956 dicatur,
2382 3896 2553 3958 potins

354 3969 461 4034 bigi
492 3977 665 4034 ponet
689 3971 857 4021 ntrins
880 3971 990 4019 lure
1014 3979 1186 4020 castra
1205 3976 1414 4030 euent3
1495 3988 1645 4036 quam
1670 3972 1721 4020 in
1745 3987 1837 4022 sua
1855 3981 2045 4022 castra.
2108 3969 2211 4020 Sed
2236 3971 2466 4036 quamvis
2486 3969 2552 4022 ab

355 4045 454 4095 nisi
483 4045 616 4109 qnod
639 4044 842 4109 Appius
865 4060 1004 4098 nunc
1029 4047 1248 4112 primum
1287 4059 1417 4106 prae·
1498 4063 1560 4098 eo
1586 4049 1897 4113 imperatore
1922 4060 2107 4096 nomen
2142 4046 2412 4110 haberent,
2448 4059 2552 4096 non

358 4127 530 4173 turam
577 4119 784 4182 inierat,
827 4121 1044 4170 necdum
1091 4120 1144 4168 iu
1188 4119 1419 4169 Siciliam
1501 4132 1672 4172 tamen
1706 4125 1820 4187 ejus
1842 4130 2015 4174 castra
2042 4129 2214 4184 erant,
2245 4121 2337 4174 sed
2378 4122 2557 4188 populi

357 4196 678 4262 provinciam
702 4203 816 4244 erat
841 4195 1122 4260 profectus.
1167 4195 1308 4245 Hinc
1333 4209 1420 4258 pa·
1501 4197 1739 4250 Romani.

360 4279 438 4323 tet
455 4269 661 4322 Claudii
683 4271 924 4321 Marcelli
946 4281 1118 4322 cantra
1131 4272 1423 4336 intelligen-

495 4351 678 4414 Delplu.
696 4357 746 4400 et
770 4351 887 4400 Ver.
912 4352 1044 4400 Cion.
1358 4351 1546 4400 Livius.
2299 4353 2333 4397 θ
2368 4347 2425 4398 Μ
