3159 4934
595 480 770 547 2076
1525 496 1596 544 τ.
1646 490 1837 543 Livii

661 651 722 686 ac
757 641 958 698 tempus
991 648 1104 683 curn
1144 632 1433 683 Hannibale
1464 642 1800 697 componunt.
1862 638 1911 683 9.
1950 634 2020 690 Is.
2052 646 2207 695 opera
2244 632 2447 681 illorum
2488 644 2631 694 nans,
2662 644 2783 681 con·

661 716 810 765 cubia
853 720 1004 763 nocte
1035 714 1321 780 Tarentum
1363 714 1668 777 ingreditur.
1740 718 1821 763 10.
1854 714 2165 763 Presidium
2206 704 2486 763 Romahum
2520 712 2572 760 in
2610 726 2785 761 arcem

661 794 916 858 confugit,
947 803 1002 843 et
1020 795 1288 843 Tarentini
1313 794 1534 858 benigne
1557 809 1590 843 a
1616 795 1792 844 Poenis
1814 801 2121 844 tractantur.
2187 798 2265 843 n.
2300 791 2511 850 Arcem,
2530 793 2579 841 in
2606 792 2787 853 penin-

660 878 772 925 sula
795 875 1030 939 positam,
1061 882 1116 923 et
1141 889 1284 924 muro
1309 873 1546 939 fossaque
1571 874 1771 937 ingenti
1794 874 2009 923 divisam
2034 872 2100 921 ab
2126 871 2271 933 urbe,
2296 871 2551 923 Hannibal
2584 870 2684 920 aiio
2720 870 2788 917 ab

661 972 722 1006 ea
759 970 906 1005 muro
933 970 994 1004 ac
1033 956 1164 1003 vallo
1206 955 1539 1017 inter-sepire,
1573 962 1628 1003 at
1667 952 1858 1003 frustra
1895 966 2193 1016 oppugnare
2214 959 2450 1000 conatur.
2518 948 2589 1000 Ut
2614 958 2789 999 tumen

663 1038 751 1085 illa
783 1043 839 1086 et
860 1036 988 1085 mari
1008 1042 1061 1083 et
1095 1042 1236 1083 terra
1259 1034 1580 1095 obsideatur,
1604 1034 1870 1083 Tarentini
1894 1047 2049 1083 naves
2072 1046 2207 1089 suas,
2230 1039 2382 1096 portu
2406 1030 2645 1091 inclusas,
2665 1028 2787 1076 inde

663 1131 758 1180 per
779 1114 1000 1167 mediam
1025 1114 1205 1162 urbem
1230 1112 1292 1161 ad
1331 1127 1470 1163 mare
1496 1113 1742 1176 plaustris
1768 1113 2115 1163 transvehunt.

601 1201 677 1246 12.
717 1194 1028 1257 Religionem
1065 1206 1249 1242 novam
1291 1193 1532 1242 Romanis
1562 1192 1819 1255 oincinnt
1848 1192 1951 1241 duo
1990 1192 2177 1241 Marcii
2214 1192 2344 1240 vatis
2381 1188 2626 1243 carmina.
2657 1202 2790 1251 quo·

663 1288 776 1323 rum
813 1274 976 1322 altero
1010 1272 1208 1322 cladem
1248 1274 1591 1329 Cannensem,
1614 1274 1779 1323 altero
1818 1271 1973 1322 finem
2018 1272 2139 1322 beili
2162 1270 2347 1319 Punici
2382 1268 2715 1333 pra-dixerat,
2740 1265 2787 1313 si

663 1354 937 1418 quotannis
960 1352 1186 1415 Apollini
1226 1352 1440 1402 comiter
1479 1350 1666 1403 fierent
1705 1353 1829 1410 ludi,
1865 1361 1921 1403 et
1943 1351 2228 1402 decemviri
2254 1350 2442 1399 Gra-co
2473 1350 2571 1396 ritu
2608 1346 2789 1395 hostiis

664 1433 940 1497 majoribus
959 1447 1109 1482 sacra
1127 1431 1375 1482 facerent.
1448 1432 1739 1497 Utrumque
1764 1433 1949 1483 Patres
1979 1432 2298 1481 decernunt:
2335 1438 2389 1479 et
2411 1430 2522 1477 hirc
2542 1434 2623 1477 est
2646 1428 2793 1489 origo

662 1513 898 1562 ludorum
937 1511 1328 1577 Apollinarium,
1360 1526 1484 1578 qnos
1521 1515 1742 1577 populus
1786 1512 2045 1577 spectavit
2080 1520 2377 1563 coronatus.
2446 1514 2525 1559 1³.
2561 1510 2791 1569 Capuam

663 1592 1028 1644 circumsidere
1057 1604 1242 1656 parant
1264 1594 1521 1657 consules,
1543 1594 1829 1659 eodemque
1865 1595 2051 1644 Hanno
2084 1608 2149 1642 ex
2174 1591 2395 1641 Bruttiis
2418 1604 2533 1638 cnm
2558 1586 2791 1636 exercitu

665 1675 910 1728 mittitur,
935 1680 994 1723 ut
1023 1672 1268 1723 frumenti
1293 1675 1433 1737 prins
1455 1675 1657 1740 copiam
1693 1673 1851 1725 faciat
1882 1674 2176 1735 Campanis.
2241 1672 2357 1723 Qua
2382 1670 2447 1717 de
2475 1684 2529 1717 re
2558 1684 2589 1717 a
2620 1668 2791 1716 Bene-

667 1756 902 1803 ventanis
939 1754 1132 1803 certior
1163 1754 1336 1804 factus
1369 1756 1582 1805 Fulvius
1613 1757 1789 1805 consul
1826 1756 2059 1804 Boviano
2101 1751 2445 1815 proficiscitur
2483 1748 2535 1797 in
2572 1748 2791 1809 Campa-

665 1837 821 1897 niam,
839 1842 894 1883 et
931 1843 1104 1884 castra
1145 1834 1412 1884 Hannonis
1451 1837 1604 1898 paulo
1637 1844 1761 1885 ante
1798 1838 1967 1885 lucem
2000 1834 2318 1899 aggreditur.
2388 1835 2469 1881 14.
2504 1831 2653 1882 Quae,
2692 1827 2794 1876 etsi

667 1914 827 1962 arduo
851 1914 1024 1977 posita
1045 1913 1178 1975 loco,
1213 1916 1505 1977 capiuntur,
1525 1922 1578 1963 et
1604 1915 1793 1981 Hanno
1818 1929 1929 1963 cum
1958 1915 2134 1978 paucis
2155 1914 2206 1961 in
2230 1912 2466 1961 Bruttios
2492 1909 2649 1959 redit.
2716 1910 2796 1955 1⁶.

667 1992 926 2041 Hannibal
951 1993 1223 2055 Campanis
1242 1991 1343 2041 duo
1367 1994 1524 2042 millia
1548 1995 1779 2058 equitnm
1804 1995 1993 2043 auxilio
2018 1992 2211 2041 mittit:
2250 1990 2465 2040 Romani
2492 1995 2665 2037 autem
2696 1987 2799 2037 'rn-

669 2073 922 2119 rentinam
946 2085 1116 2119 arcem
1147 2070 1406 2121 frumento
1433 2072 1803 2135 presidioque,
1826 2072 1966 2138 qnod
1990 2071 2287 2135 Metaponti
2311 2069 2498 2124 fuerat,
2522 2068 2801 2119 instruunt.

668 2151 854 2213 Itaque
873 2150 1246 2214 Metapontini,
1268 2158 1426 2214 metu,
1449 2167 1549 2216 qno
1576 2153 1908 2213 tenebantur,
1934 2150 2161 2214 liberati,
2180 2148 2427 2198 deficiunt
2446 2148 2510 2196 ad
2536 2148 2800 2197 Hanniba-

669 2232 789 2293 lem,
809 2245 1087 2294 eorumque
1120 2230 1407 2293 exemplum
1441 2232 1624 2280 eadem
1665 2244 1755 2280 ora
1780 2231 1932 2280 maris
1970 2238 2026 2281 et
2056 2230 2263 2280 Thurini
2299 2232 2599 2293 sequnntur.
2665 2228 2799 2275 Con·

621 2358 632 2363 ,
669 2312 804 2359 sules
822 2310 901 2358 Ti.
918 2309 1212 2359 Gracchum
1231 2324 1298 2358 ex
1321 2312 1542 2361 Lucanis
1567 2312 1927 2361 Beneventum
1950 2312 2123 2360 venire
2136 2308 2344 2374 jubent,
2366 2316 2419 2357 et
2437 2307 2559 2357 inde
2574 2308 2623 2355 iu
2641 2308 2801 2357 Cam·

671 2403 860 2453 panum
885 2401 1061 2451 agrum
1087 2382 1317 2450 legiones
1340 2389 1538 2439 ducunt
1558 2389 1624 2438 ad
1652 2391 1881 2453 Capuam
1914 2389 2329 2454 oppugnandam.
2398 2393 2477 2438 16.
2512 2387 2801 2449 Gracchus,

673 2470 812 2531 prins
834 2480 988 2531 quam
1011 2482 1076 2516 ex
1111 2469 1328 2517 Lucanis
1353 2476 1548 2524 movet,
1571 2469 1865 2519 sacrificans
1888 2470 2021 2519 tristi
2046 2478 2270 2520 terretur
2292 2468 2551 2533 prodigio,
2585 2475 2638 2516 et
2660 2480 2801 2529 mox,

673 2564 702 2597 a
729 2548 906 2596 Flavio
931 2548 1133 2611 hospite
1160 2562 1256 2597 suo
1279 2548 1489 2597 Lucano
1511 2548 1768 2599 deductus
1798 2551 1851 2597 in
1878 2550 2107 2605 insidias,
2132 2564 2161 2598 a
2184 2549 2410 2613 Magone
2430 2554 2659 2611 paratas,
2682 2560 2801 2595 curn

672 2628 778 2676 suis
815 2627 965 2690 perit.
1036 2631 1114 2677 17.
1148 2628 1336 2677 Mortis
1358 2628 1659 2693 funerisque
1683 2629 1795 2692 ejus
1816 2629 1960 2679 varia
1979 2638 2059 2679 est
2082 2627 2236 2679 fama.

611 2710 688 2755 18.
723 2707 972 2757 Consules
997 2707 1060 2754 ad
1087 2708 1317 2770 Capuam
1344 2721 1517 2771 pugna
1545 2709 1752 2758 incante
1788 2708 1913 2758 inita
1946 2708 2252 2771 funduntur,
2274 2714 2328 2758 et
2350 2692 2625 2771 Campanis
2660 2719 2802 2755 cres·

675 2787 749 2836 cit
769 2786 1005 2847 animus3
1040 2786 1132 2835 sed
1168 2801 1284 2835 mox
1321 2788 1568 2837 minuitur
1602 2788 1849 2851 singulari
1874 2788 2157 2838 certamine
2179 2787 2319 2837 inter
2344 2787 2561 2837 Badium
2582 2785 2803 2848 Campa·

675 2880 796 2915 num
819 2873 876 2915 et
896 2866 958 2914 Τ.
980 2866 1248 2917 Quintium
1273 2866 1589 2931 Crispinum,
1620 2868 1957 2931 perfamiliari
1994 2869 2222 2931 hospitio
2247 2870 2479 2929 junctos.
2547 2870 2623 2918 19.
2656 2866 2802 2915 Han-

676 2946 834 3007 nibal,
873 2946 1106 3007 Capuam
1143 2945 1430 3008 profectus,
1468 2962 1619 3011 aequo
1656 2948 1731 2997 ibi
1783 2949 1957 2999 Marte
2004 2960 2121 2997 cum
2168 2947 2410 2997 Romanis
2454 2944 2701 3010 confligit,
2744 2953 2803 2995 et

677 3024 905 3085 Appium
928 3025 1208 3079 consulem.
1230 3025 1510 3076 abeuntem
1543 3028 1596 3074 in
1631 3028 1883 3091 Lucanos,
1906 3027 1995 3077 sed
2032 3028 2133 3077 alio
2166 3028 2357 3077 itinere
2382 3027 2703 3086 redeuntem,
2722 3039 2803 3074 se·

675 3110 843 3154 cutus,
877 3102 1079 3149 obviam
1105 3106 1244 3151 venit
1267 3105 1341 3152 Μ.
1374 3104 1632 3154 Centenio
1664 3105 1898 3170 Pennloe,
1939 3107 2129 3157 stolido
2151 3107 2358 3164 homini,
2378 3116 2433 3158 et
2458 3106 2647 3170 insigni
2678 3106 2802 3155 olim

623 3225 631 3235 ,
679 3180 813 3229 iuter
839 3179 985 3241 primi
1013 3180 1102 3242 pili
1128 3182 1454 3233 centuriones
1477 3191 1532 3233 et
1555 3187 1786 3249 corporis
1820 3193 1877 3236 et
1908 3186 2064 3235 animi
2096 3186 2463 3249 magnitudine,
2484 3186 2591 3251 qui,
2616 3199 2800 3248 accep-

679 3260 743 3307 tis
773 3274 801 3306 a
835 3266 1020 3307 senatu
1055 3267 1180 3309 octo
1213 3261 1470 3311 hominum
1505 3264 1727 3313 millibus
1750 3272 1805 3314 et
1826 3265 2089 3330 duplicato
2113 3280 2275 3330 prope
2296 3265 2550 3326 exercitu,
2564 3266 2804 3315 conserit

677 3352 897 3401 pugnam
939 3347 1097 3403 atque
1133 3352 1250 3387 cum
1293 3340 1551 3405 plerisque
1596 3355 1799 3393 suorum
1836 3346 1996 3396 cadit.
2084 3348 2165 3394 20.
2216 3348 2395 3409 Capua
2435 3359 2468 3394 a
2502 3345 2801 3395 consulibus

677 3421 864 3469 iterum
888 3434 1087 3469 summa
1110 3420 1158 3467 vi
1183 3419 1478 3470 obsidetur:
1515 3422 1568 3470 in
1592 3424 1816 3473 Lucanis
1839 3433 2010 3474 autem
2036 3424 2272 3474 volonum
2294 3424 2575 3488 exercitus,
2596 3433 2803 3474 mortuo

679 3498 939 3559 Graccho,
959 3498 1022 3547 ab
1047 3498 1202 3561 signis
1226 3499 1445 3547 discedit
1469 3515 1485 3558 ς
1513 3508 1568 3548 et
1592 3500 1851 3551 Hannibal
1878 3503 1927 3551 in
1946 3504 2187 3566 Apuliam
2210 3512 2385 3554 castra
2406 3510 2601 3565 movet,
2625 3504 2806 3554 oblata

683 3591 813 3625 nova
848 3578 1116 3626 occasione
1155 3578 1297 3626 inscii
1333 3578 1478 3627 ducis
1511 3582 1878 3645 exercitusque
1910 3584 2251 3646 opprimendi.
2316 3588 2399 3633 21.
2447 3584 2544 3634 Cn.
2590 3584 2802 3633 Fulvius

680 3656 897 3704 Flaccus
934 3666 1143 3718 praetor,
1179 3656 1404 3707 stultitia
1437 3665 1492 3707 et
1527 3659 1821 3709 temeritate
1854 3662 2108 3711 Centenio
2144 3675 2254 3724 par,
2288 3676 2389 3711 non
2424 3662 2611 3722 animo,
2638 3660 2802 3709 Poeno

681 3733 1018 3797 adventante,
1044 3736 1096 3785 in
1119 3737 1278 3785 aciem
1311 3738 1488 3788 educit
1507 3737 1705 3802 copias,
1728 3755 1867 3790 ceco
1900 3742 2095 3806 impetn
2121 3746 2348 3804 ruentes,
2368 3754 2563 3803 suoque
2583 3738 2802 3790 arbitrio

684 3820 789 3861 tum
814 3815 1175 3876 consistentes,
1202 3825 1308 3865 tum
1332 3818 1633 3868 deserentes
1656 3820 1843 3877 iocum.
1865 3830 1939 3884 et,
1962 3822 2051 3871 nbi
2083 3818 2350 3872 confestim
2376 3834 2482 3869 rem
2504 3818 2804 3869 inclinatam

683 3891 841 3947 videt.
877 3908 991 3941 curn
1029 3898 1202 3956 paucis
1235 3898 1494 3961 equitibus
1533 3896 1730 3964 effugit.
1808 3906 1888 3951 22.
1936 3902 2191 3967 Reliquiae
2224 3902 2435 3949 duorum
2482 3900 2802 3949 exercituum

629 4028 636 4032 ‚
683 3973 1080 4037 desertoresque
1114 3974 1180 4023 de
1213 3979 1445 4027 exercitu
1471 3981 1711 4029 volonum
1733 3982 2141 4046 conquiruntnr;
2176 3991 2230 4032 et
2254 3984 2436 4045 Capua
2458 3997 2487 4030 a
2511 3980 2806 4031 consulibus

684 4066 745 4101 ac
780 4052 994 4101 Claudio
1037 4054 1247 4104 Nerone
1285 4064 1506 4119 praetore
1547 4058 1742 4123 duplici
1784 4058 1923 4110 fossa
1962 4063 2197 4126 valloque
2232 4060 2474 4125 cingitur.
2543 4058 2805 4109 Hannibal

687 4147 856 4180 arcem
893 4132 1228 4184 Tarentinam
1265 4136 1699 4203 Brundisiumque
1733 4138 1925 4189 frustra
1947 4147 2134 4195 tentat,
2158 4148 2232 4202 et,
2256 4140 2499 4203 precihus
2520 4141 2806 4203 legatorum

686 4212 1065 4273 Campanorum
1093 4214 1364 4277 adductus,
1389 4218 1676 4280 regreditur
1696 4219 1943 4281 Capuam.

621 4295 704 4341 23.
743 4290 948 4341 interea
967 4292 1333 4356 Syracusarum
1355 4296 1676 4359 oppugnatio
1695 4299 1759 4347 ad
1784 4298 1937 4349 finem
1954 4298 2113 4360 venit,
2134 4297 2312 4363 adjuta
2337 4298 2629 4361 proditione
2651 4298 2810 4347 intes-
