3159 4934
661 405 838 474 2266
1529 477 1541 486 ⁶
1602 417 1673 468 τ.
1722 417 1919 466 mvn

665 568 958 634 classem
999 560 1496 630 aedificandam:
1541 568 1621 626 ut
1668 561 2017 628 minimum
2054 559 2374 640 omnium,
2418 557 2603 622 iuter
2656 561 2899 622 tantas

663 689 836 754 opes
862 669 1024 733 belli
1044 663 1366 751 captaS,†¹
1411 665 1748 747 Carthago
1779 666 1937 748 ipsa
1960 663 2177 728 fuerit.

747 772 857 837 48.
899 769 1006 836 Eo
1033 770 1142 836 die
1173 770 1434 853 Scipi0,
1461 768 1538 835 C.
1568 767 1790 834 Laelio
1822 788 1975 833 cum
2006 755 2215 832 sociis
2244 763 2611 830 navalibus
2652 763 2905 829 urbem

663 874 996 940 custodire
1016 874 1234 958 jusso,
1279 873 1430 956 ipse
1479 872 1552 936 in
1596 876 1819 936 castra
1865 869 2163 950 legiones
2190 867 2488 945 reduxit,
2515 865 2903 950 fessosque

662 979 910 1042 milites
931 975 1242 1042 omnibus
1272 994 1408 1040 uno
1439 975 1548 1039 die
1577 973 2079 1057 bellioperibus
2097 971 2123 1010 ⁸
2170 971 2454 1055 (quippe
2476 971 2601 1052 qui
2636 975 2713 1033 et
2740 969 2903 1033 acie

663 1079 1118 1155 dimicassent,
1169 1082 1236 1143 et
1262 1075 1597 1160 capienda
1644 1078 1809 1140 urbe
1838 1082 2093 1140 tantum
2138 1074 2397 1141 laboris
2442 1072 2898 1156 periculique

663 1181 990 1258 adissent,
1019 1186 1088 1244 et
1115 1185 1330 1262 capta,
1365 1197 1514 1241 cum
1547 1177 1657 1256 iis,
1681 1177 1883 1261 quiin
1908 1196 2131 1242 arcem
2154 1177 2613 1259 confugerant,
2646 1175 2897 1258 iniquo

661 1284 864 1348 etiam
893 1283 1048 1346 loco
1075 1284 1512 1364 pugnassent)
1539 1299 1775 1346 curare
1808 1297 2097 1364 corpora
2111 1278 2343 1362 jussit.
2406 1277 2715 1342 Postero
2744 1275 2891 1354 die,

659 1385 992 1452 militibus
1021 1382 1513 1465 navalibusque
1541 1383 1751 1448 sociis
1782 1381 2205 1457 convocatis,
2237 1379 2525 1463 primum
2557 1378 2729 1444 Diis
2758 1383 2891 1444 im·

663 1488 1048 1554 mortalibus
1076 1485 1443 1568 laudesque
1471 1489 1538 1549 et
1579 1491 1852 1567 grates'9
1897 1485 2051 1566 egit,
2096 1484 2218 1567 qui
2268 1501 2343 1546 se
2380 1501 2514 1546 nou
2546 1483 2745 1546 urbis
2774 1501 2887 1544 so-

659 1591 804 1656 lum
829 1589 1366 1674 opulentissimae
1395 1588 1691 1655 omnium
1714 1589 1781 1652 in
1812 1587 2159 1670 Hispania
2180 1604 2316 1650 uno
2346 1583 2457 1649 die
2488 1594 2881 1668 compotem

655 1693 993 1770 fecissent,
1019 1692 1137 1758 sed
1171 1700 1328 1756 ante
1373 1710 1459 1756 eo
1490 1691 1987 1773 congessissent
2017 1690 2236 1754 omnis
2268 1707 2459 1772 paene
2486 1687 2757 1754 Africae
2780 1695 2879 1752 at-

661 1813 792 1880 que
819 1795 1178 1878 Hispanias
1210 1813 1419 1877 opes;
1463 1803 1540 1858 ut
1565 1812 1790 1877 neque
1810 1793 2117 1858 hostibus
2142 1793 2506 1876 quicquam
2537 1791 2875 1875 relinque·

656 1905 858 1975 retur,
889 1903 958 1962 et
997 1895 1133 1960 sibi
1163 1915 1244 1962 ac
1270 1895 1410 1960 suis
1451 1896 1677 1960 omnia
1717 1899 2201 1978 superessent-⁸
2290 1894 2593 1958 Militum
2624 1893 2877 1957 deinde

659 2001 968 2078 virtutem
991 1996 1421 2074 collaudavit,
1442 1995 1625 2080 quod
1651 2015 1774 2061 eos
1800 2015 1929 2060 non
1958 1997 2224 2081 eruptio
2256 1997 2577 2075 hostium,
2607 2015 2741 2060 non
2770 1996 2873 2059 al-

660 2100 879 2166 titudo
903 2101 1248 2175 moeuium,
1275 2118 1406 2164 non
1430 2099 1855 2182 inexplorata
1878 2097 2103 2182 stagni
2128 2099 2321 2177 vada,
2352 2117 2478 2164 nou
2508 2098 2873 2164 castellum

657 2203 728 2268 in
758 2201 899 2268 alto
929 2201 1186 2268 tumulo
1211 2202 1439 2279 situm,
1457 2221 1595 2266 non
1616 2200 2067 2286 munitissima
2099 2220 2221 2266 arx
2248 2201 2699 2278 deterruisset,
2730 2219 2873 2284 quo

654 2305 880 2372 minus
952 2304 1496 2370 transcenderent
1558 2305 1787 2370 omnia
1858 2313 2507 2387 perrumpereutqne.
2596 2303 2868 2388 ltaque,

657 2423 1048 2490 quanquam
1094 2405 1406 2469 omnibus
1440 2407 1671 2480 omnia
1702 2404 1997 2484 deberet,
2040 2406 2461 2490 praecipuum
2488 2413 2539 2443 ¹⁰
2582 2407 2870 2472 muralis

654 2524 924 2572 coronae
953 2506 1225 2572 decus¹¹¹
1272 2505 1418 2591 ejus
1451 2527 1625 2588 esse,
1666 2509 1786 2592 qui
1826 2510 2077 2592 primus
2121 2527 2380 2574 murum
2424 2509 2872 2576 ascendisset.

656 2607 1116 2687 Profiteretur,
1160 2607 1280 2693 qui
1331 2629 1405 2674 se
1452 2610 1725 2694 dignum
1766 2631 1847 2676 eo
1892 2611 2168 2677 duceret
2213 2611 2422 2676 dono.
2512 2612 2677 2676 Duo
2709 2633 2871 2697 pro-

655 2709 818 2776 fessi
859 2717 1036 2790 sunt,
1069 2709 1161 2790 Q.
1192 2699 1567 2777 Trebellius
1614 2712 1914 2778 centurio
1957 2713 2245 2796 legionis
2280 2722 2541 2798 qnartoe
2588 2722 2659 2778 et
2694 2713 2867 2778 Sex.

655 2809 955 2898 Digitius
977 2816 1200 2879 socius
1226 2813 1490 2880 navalis
1513 2837 1532 2896 ;
1575 2835 1701 2879 nec
1724 2815 1855 2898 ipsi
1877 2820 2014 2878 tam
2037 2815 2221 2879 inter'
2232 2834 2306 2880 se
2334 2816 2573 2881 acriter
2594 2824 2865 2881 conten-

657 2917 930 2993 debant,
958 2937 1162 3000 quam
1191 2916 1412 2981 studia
1446 2917 1899 2983 excitaverant
1940 2923 2219 3002 uterque
2254 2919 2360 2982 sui
2404 2918 2706 3002 corporis
2736 2917 2867 2982 bo-

655 3019 960 3082 minume
1047 3018 1266 3080 Sociis
1315 3017 1395 3080 C.
1447 3018 1706 3083 Laelius
1744 3019 2109 3102 praefectus
2147 3019 2429 3101 classis;
2472 3019 2863 3102 legionariis

657 3117 760 3182 Μ.
793 3117 1230 3202 Sempronius
1259 3117 1651 3183 Tuditanus
1684 3118 1934 3186 aderat.
1987 3119 2091 3186 Ea
2108 3123 2443 3188 contentio
2463 3143 2617 3187 cum
2648 3143 2865 3207 prope

657 3219 1052 3286 seditionem
1082 3221 1362 3300 veniret,
1403 3219 1645 3306 Scipio
1686 3229 1826 3288 tres
1854 3230 2360 3308 recuperatores
2380 3233 2409 3260 ¹⁸
2452 3245 2607 3290 cum
2636 3245 2710 3290 se
2742 3226 2861 3291 da-

717 3390 742 3420 ⁸
777 3385 961 3434 Cuncta
980 3385 1172 3451 affatim
1193 3388 1510 3450 appeterent.

717 3457 744 3482 ⁰
775 3449 1104 3501 Arcades-ant
1123 3451 1257 3500 ambo
1291 3450 1611 3500 contentiones
1632 3449 1867 3502 hominum
1888 3450 1988 3512 <ius
2008 3453 2213 3507 ordinis.
2234 3468 2298 3502 εει·
2316 3469 2406 3518 qno
2435 3453 2630 3518 quisq-e
2648 3409 2859 3517 ipocrit-

652 3519 786 3567 erat.-
820 3515 1024 3566 militam
1046 3530 1227 3581 nempe,
1249 3516 1376 3566 alter
1397 3515 1664 3577 terrestris,
1684 3516 1807 3565 alter
1826 3518 2011 3566 navalis
2031 3517 2282 3568 exercitus.

1563 3641 1775 3664 mu
1781 3641 1927 3665 00000

644 3725 745 3790 jtt.
769 3725 1018 3784 Crem—1·
1043 3727 1255 3779 Bellicus
1277 3735 1381 3777 vet.
1405 3725 1497 3777 lib.
1518 3725 1655 3790 apud
1678 3727 1856 3794 Sigon.

718 3792 749 3838 8
787 3791 961 3853 Opm‘s
979 3791 1173 3843 frustra
1197 3796 1295 3856 leg.
1321 3793 1617 3850 Rhenanus,
1640 3793 1819 3857 judice
1838 3793 2092 3858 Doering.
2156 3795 2285 3844 Mox
2306 3794 2361 3844 in
2386 3794 2523 3845 Edu.
2547 3801 2661 3845 ante
2682 3793 2847 3844 Gron-

577 3849 586 3860 “
651 3851 706 3904 in
739 3865 860 3905 ante
890 3859 1232 3922 capienda-9
1273 3857 1361 3908 ΑΙ.
1405 3859 1566 3909 londes
1600 3860 2023 3922 gratianum—1⁰
2058 3861 2235 3910 Tam
2274 3869 2393 3925 post
2436 3861 2723 3925 precipu-
2763 3859 2851 3909 nd·

1640 3987 1857 4040 NOTAE

713 4081 728 4120 Ι
760 4083 898 4133 Inter
931 4085 1095 4132 tantas
1129 4099 1237 4147 opu
1267 4084 1374 4136 boui
1405 4086 1593 4152 uptun]
1630 4086 1711 4136 si·
1854 4091 1879 4120 ²
1916 4087 2032 4137 stes
2050 4087 2423 4151 κουρεῖ-πίστει]
2452 4093 2469 4116 ·
2488 4087 2823 4152 Reciperatio
2840 4093 2852 4112 ·

649 4174 771 4223 gon.
805 4175 915 4222 opes
935 4159 1140 4210 benitas.
1704 4185 1715 4196 ·
1772 4171 1923 4230 prat,
1948 4172 2007 4215 ut
2040 4165 2113 4214 ait
2148 4164 2331 4215 Gallus
2356 4165 2517 4214 AElins
2552 4165 2693 4227 apud
2734 4167 2851 4213 Fes-

715 4243 752 4268 ¹¹¹
783 4236 992 4286 Metelis
1011 4251 1193 4285 corona
1214 4237 1376 4302 dem]
1405 4237 1481 4289 Es
1495 4253 1560 4290 ex
1585 4253 1709 4292 aure
1790 4245 1917 4298 tum,
1939 4243 1955 4270 ‘
1973 4255 2090 4291 cum
2124 4243 2263 4292 iuter
2286 4243 2555 4306 populum,
2586 4251 2643 4292 et
2680 4255 2850 4305 reges,

648 4319 778 4370 erat,
803 4312 974 4377 pinnis
995 4311 1276 4378 fastigiata.
1585 4356 1594 4365 .
1788 4317 2135 4385 nationesque
2176 4327 2232 4371 et
2272 4319 2517 4372 civitates
2552 4321 2849 4385 peregrinus
