3159 4934
1107 417 1249 470 mn.
1297 418 1534 473 xxiii.
1579 426 1745 474 cap.
1788 405 1899 475 34.
2417 400 2588 477 1951

397 564 633 625 terram
665 560 922 642 egressi
952 568 1128 627 sunt.
1219 564 1385 630 Inde
1417 586 1535 649 per
1569 566 1889 652 Apuliam
1921 572 2220 651 petentes
2250 568 2584 653 Capuam,

393 661 608 725 media
643 663 726 735 jn
771 664 1088 745 praesidia
1118 664 1430 733 Romana
1469 668 1639 734 illati
1670 677 1862 751 sunt3
1917 670 2325 754 deductique
2353 671 2441 736 ad
2486 671 2585 736 M.

391 758 740 829 Valerium
787 762 1134 830 Laevinum
1165 775 1539 850 praetorem,
1570 772 1747 835 eirca
1778 771 2132 836 Luceriam
2150 778 2183 821 4
2207 779 2433 837 castra
2462 772 2585 838 had

389 864 683 927 bentem.
775 864 884 929 Ibi
917 868 1248 951 intrepide
1281 869 1746 953 Xenophanes
1774 872 2134 955 legationis
2172 874 2510 957 princepS,
2541 893 2585 938 a

391 962 717 1050 Philippo
763 986 916 1049 rege
947 987 1022 1031 se
1053 971 1352 1048 missum,
1385 972 1506 1050 ait,
1541 972 1627 1037 ad
1660 974 2025 1038 amicitiam
2059 974 2586 1059 societatemque

377 1065 788 1155 jungendam
822 1086 976 1132 cum
1006 1070 1258 1153 populo
1289 1072 1647 1154 Romano;
1693 1074 2009 1141 mandata
2036 1075 2281 1141 habere
2311 1076 2396 1141 ad
2426 1092 2583 1142 con·

387 1166 570 1231 sules
617 1188 700 1233 ac
748 1177 1053 1233 senatum
1097 1174 1558 1257 populumque
1608 1174 2011 1241 Romanum.
2102 1177 2387 1255 Praetor,
2416 1178 2585 1244 inter

387 1267 808 1334 defectiones
854 1278 1146 1336 veterum
1191 1274 1524 1339 sociorum
1577 1296 1751 1342 nova
1802 1279 2129 1343 societate
2150 1287 2175 1326 ⁵
2226 1288 2364 1343 tam
2418 1280 2584 1344 clari

388 1369 566 1451 regis
611 1370 808 1435 laetus
851 1369 1230 1451 admodum,
1261 1374 1496 1440 hostes
1536 1397 1659 1460 pro
1690 1378 2117 1462 hospitibus⁶
2156 1382 2443 1445 comiter
2471 1400 2585 1445 ac-

387 1471 597 1552 cepit.
685 1472 846 1550 Dat,
877 1474 993 1555 qui
1034 1482 1542 1557 prosequantur,
1576 1476 1861 1542 itinera⁷
1909 1498 2063 1543 cum
2109 1499 2272 1545 cura
2314 1479 2586 1546 demon-

389 1578 624 1651 strent,
649 1592 804 1656 quae
841 1575 992 1639 loca
1032 1594 1338 1659 quosque
1383 1577 1597 1641 saltus
1636 1584 1753 1643 aut
1782 1578 2133 1643 Romanus
2153 1580 2179 1619 ⁸
2210 1578 2343 1646 aut'
2359 1582 2584 1646 hostes

391 1680 680 1740 teneant.
769 1675 1233 1759 Xenophanes
1285 1694 1404 1760 per
1453 1678 1770 1759 praesidia
1820 1677 2134 1743 Romana
2176 1680 2243 1743 in
2292 1679 2583 1763 Campa-

388 1776 598 1854 niam,
629 1778 802 1856 inde,
831 1797 974 1861 qua
1013 1778 1388 1861 proximum
1433 1776 1582 1855 fuit,
1613 1780 1683 1842 in
1727 1785 1949 1845 castra
1982 1780 2390 1846 Hannibalis
2434 1802 2583 1866 per-

389 1880 596 1954 venit,
618 1878 980 1963 foedusque
1001 1900 1156 1944 cum
1179 1899 1258 1943 eo
1281 1886 1490 1961 atque
1512 1880 1867 1945 amicitiam
1890 1880 2121 1966 junxit
2147 1883 2403 1965 legibus
2432 1885 2578 1953 bis:

389 1984 412 2014 ‘
441 1988 562 2044 ut⁹
606 1980 966 2065 Philippus
1003 2002 1125 2047 rex
1169 2000 1370 2065 quam
1401 1982 1699 2047 maxima
1728 1982 1951 2047 classe
1979 1984 2327 2061 (ducentas
2354 1992 2580 2052 autem

387 2099 598 2146 naves
629 2083 979 2148 videbatur
1009 2084 1386 2161 effecturus)
1411 2083 1479 2146 in
1509 2082 1781 2147 Italiam
1810 2084 2161 2167 trajiceret,
2190 2092 2255 2149 et
2285 2094 2583 2153 vastaret

388 2185 782 2249 maritimam
823 2204 1045 2250 oram:
1089 2186 1340 2249 bellum
1386 2203 1510 2268 pro
1553 2190 1743 2266 parte
1788 2204 1913 2248 sua
1940 2192 2112 2249 terra
2140 2186 2441 2269 marique
2468 2208 2579 2269 ge·-

387 2293 577 2349 reret.
667 2285 805 2350 Ubi
848 2286 1248 2351 debellatum
1292 2291 1497 2364 esset,
1528 2284 1738 2350 Italia
1781 2287 1997 2350 omnis
2038 2306 2187 2351 cum
2217 2288 2373 2369 ipsa
2417 2290 2579 2354 urbe

387 2385 618 2451 Roma
647 2386 1284 2469 Carthaginiensium
1313 2394 1513 2469 atque
1545 2386 1953 2451 Hannibalis
1981 2394 2183 2464 esset,
2213 2388 2581 2472 praedaque

386 2489 608 2553 omnis
637 2488 1003 2553 Hannibali
1034 2488 1320 2553 cederet.
1410 2487 1799 2552 Perdomita
1839 2487 2064 2566 Italia,
2092 2488 2481 2571 navigarent
2508 2492 2579 2557 in

386 2588 748 2666 Graeciam,
773 2590 1176 2673 bellumque,
1207 2610 1360 2655 cum
1407 2590 1655 2673 quibus
1692 2591 1959 2671 regibus
1982 2598 2037 2629 ¹⁰
2080 2592 2425 2673 placeret,*
2466 2612 2579 2674 ge-

386 2697 619 2755 rerent.
692 2689 868 2770 Quae
897 2691 1208 2756 civitates
1238 2691 1664 2767 continentis,
1686 2710 1840 2772 quae
1865 2690 2105 2755 insulae
2134 2692 2221 2755 ad
2254 2692 2579 2757 Macedo-

383 2794 565 2857 niam
597 2800 899 2875 vergunt,
930 2813 1030 2858 eae
1064 2792 1368 2875 Philippi
1400 2792 1719 2873 regnique
1756 2790 1909 2873 ejus
1940 2790 2205 2855 essent.’

471 2892 584 2957 34.
629 2893 712 2957 In
751 2893 874 2958 bas
915 2892 1118 2957 ferme
1166 2892 1351 2974 leges
1395 2892 1566 2955 inter
1596 2888 1884 2954 Poenum
1914 2889 2154 2957 ducem
2191 2892 2580 2978 legatosque

386 2992 840 3059 Macedonum
869 2996 1080 3059 ictum
1108 2992 1354 3071 foedus,
1383 2990 1706 3075 missique
1734 3010 1885 3058 cum
1920 2992 2009 3057 iis
2040 2993 2125 3057 ad
2155 2994 2331 3077 regis
2362 2994 2577 3078 ipsius

391 3095 776 3163 firmandam
821 3096 1020 3162 fidem
1066 3097 1296 3180 legati,
1327 3094 1542 3179 Gisgo
1589 3104 1659 3160 et
1703 3094 1946 3161 Bostar
1984 3103 2054 3162 et
2085 3095 2317 3181 Mago,
2347 3098 2579 3165 eodem

1287 3274 1651 3298 ”OOOOOOOOOO

385 3414 611 3472 pera—4
644 3408 924 3458 ‘Luceriam
945 3407 1122 3472 recepi
1145 3422 1210 3457 ex
1231 3408 1437 3460 emend.
1459 3410 1579 3459 VV.
1616 3408 1741 3457 m).
1777 3420 1931 3470 quam
1962 3404 2133 3454 firmat
2166 3406 2317 3467 impr.
2345 3420 2462 3470 cap.
2493 3412 2577 3459 48.

391 3474 648 3523 Nuceriam
668 3476 750 3522 vel
785 3475 1064 3524 Numeriam
1097 3472 1222 3523 Mu.
1255 3479 1311 3523 et
1332 3474 1468 3523 Ede.
1532 3472 1637 3523 Sed
1664 3479 1939 3533 utrumque
1962 3470 2027 3519 ab
2050 3470 2099 3518 b.
2121 3470 2155 3517 Ι.
2180 3469 2437 3521 alienum!
2472 3472 2577 3524 Ru-

384 3544 605 3602 ptum—6
640 3540 656 3567 ⁸
675 3538 847 3602 Vulgo
872 3540 922 3588 in
948 3536 1083 3588 Edd.
1116 3538 1354 3587 omnibus
1376 3539 1512 3588 Inter
1545 3538 1640 3597 def.
1672 3542 1767 3586 vet.
1803 3535 2052 3595 sociorum,
2076 3533 2310 3598 Valerius,
2328 3551 2449 3586 noea
2482 3554 2580 3590 noc.

389 3604 579 3652 omisso
603 3602 808 3653 nomine
833 3602 1042 3660 prator,
1063 3601 1342 3667 additoque
1367 3602 1577 3667 proprio
1606 3600 1791 3651 Valerii
1808 3599 2031 3655 nomine,
2054 3596 2189 3675 quod
2212 3614 2361 3661 paene
2383 3601 2452 3651 ab
2470 3618 2576 3652 om·

387 3667 558 3730 nibus,
592 3674 738 3717 certe
773 3668 838 3718 ab
877 3666 1087 3729 optimis
1119 3667 1247 3715 Mn.
1285 3668 1446 3718 abest.
1504 3668 1715 3726 Praetor,
1739 3663 1877 3727 quod
1902 3671 2073 3712 tamen
2102 3678 2149 3711 ιιι
2175 3664 2429 3713 nonnullis
2452 3666 2578 3717 Mu.

390 3738 555 3793 extat,
578 3732 774 3780 excidit
795 3732 1112 3795 negligentia
1145 3732 1468 3781 librariorum
1503 3738 1624 3793 post
1647 3730 1711 3779 P.
1736 3728 1816 3778 R:
1852 3728 2150 3777 Stroth—6
2182 3726 2269 3777 Al.
2290 3728 2468 3779 laudem
2486 3746 2573 3794 pro

388 3796 684 3857 hospita—'1
722 3797 806 3845 ΑΙ.
846 3796 1226 3858 itineraque-8
1263 3794 1344 3846 Al.
1378 3801 1464 3844 eut
1503 3794 1825 3844 amna-o
1860 3796 1877 3821 ‘
1904 3794 1969 3841 Ut
2009 3808 2039 3842 a
2087 3793 2305 3853 pensima
2347 3796 2572 3845 omnium

387 3862 692 3917 editionum,
714 3861 926 3909 Gruteri
953 3874 1158 3921 nempe,
1183 3858 1365 3911 aben.'
1400 3860 1719 3909 Stroth—1⁰
1755 3858 1905 3906 Melit
1921 3857 1975 3908 J.
1994 3858 2053 3905 F.
2072 3858 2301 3907 Gronov.
2315 3859 2441 3922 regi,
2464 3871 2517 3909 et
2540 3875 2573 3910 e

388 3925 685 3976 melioribus
707 3926 839 3977 Mss-
858 3940 1053 3987 queque
1072 3926 1256 3975 insuloe.
1324 3925 1430 3974 Pro
1453 3928 1655 3985 vergunt
1674 3921 1814 3985 conj.
1838 3922 2059 3985 Rupert.
2078 3926 2344 3983 vergerent.

1375 4079 1589 4131 NOTAE

456 4197 472 4227 ⁸
503 4196 624 4245 Cum
653 4196 818 4259 quibus
857 4194 1047 4257 regibus
1085 4192 1311 4258 placeret]
1343 4192 1438 4243 As·
1522 4190 1610 4239 bus
1653 4189 1758 4251 regi
1799 4190 2021 4251 placeret.
2110 4188 2175 4237 Et
2224 4188 2375 4252 paulo
2419 4187 2575 4253 infra,

385 4272 585 4325 sentior
608 4270 874 4320 Gronovio
908 4270 1178 4332 scribenti,
1209 4282 1313 4318 cum
1333 4268 1439 4332 qui·
1518 4280 1712 4331 quaque
1731 4264 1898 4315 insule
1918 4268 1979 4315 ad
2003 4264 2331 4315 Macedoniam
2355 4271 2571 4328 vergim-
