<?xml version="1.0" encoding="UTF-8"?>
<!DOCTYPE html PUBLIC "-//W3C//DTD XHTML 1.0 Transitional//EN"
    "http://www.w3.org/TR/xhtml1/DTD/xhtml1-transitional.dtd">
<html xmlns="http://www.w3.org/1999/xhtml" xml:lang="en" lang="en">
 <head>
  <title>
</title>
<meta http-equiv="Content-Type" content="text/html;charset=utf-8" />
  <meta name='ocr-system' content='tesseract 3.04.00' />
  <meta name='ocr-capabilities' content='ocr_page ocr_carea ocr_par ocr_line ocrx_word'/>
</head>
<body>
  <div class='ocr_page' id='page_1' title='image "./tliviipatavinih28unkngoog_0151.png"; bbox 0 0 3159 4934; ppageno 0'>
   <div class='ocr_carea' id='block_1_1' title="bbox 1073 432 2583 504">
    <p class='ocr_par' dir='ltr' id='par_1_1' title="bbox 1073 432 2583 504">
     <span class='ocr_line' id='line_1_1' title="bbox 1073 432 2583 504; baseline 0.001 -3"><span class='ocrx_word' id='word_1_1' title='bbox 1073 448 1224 502; x_wconf 75' lang='lat' dir='ltr'>mn.</span> <span class='ocrx_word' id='word_1_2' title='bbox 1274 446 1506 504; x_wconf 76' lang='lat' dir='ltr'>xxiv.</span> <span class='ocrx_word' id='word_1_3' title='bbox 1553 451 1717 503; x_wconf 70' lang='lat' dir='ltr'>esp.</span> <span class='ocrx_word' id='word_1_4' title='bbox 1762 432 1873 504; x_wconf 77' lang='lat'>22.</span> <span class='ocrx_word' id='word_1_5' title='bbox 2409 434 2583 503; x_wconf 77' lang='lat'><strong>2028</strong></span> 
     </span>
    </p>
   </div>
   <div class='ocr_carea' id='block_1_2' title="bbox 373 604 2597 3335">
    <p class='ocr_par' dir='ltr' id='par_1_2' title="bbox 373 604 2594 2912">
     <span class='ocr_line' id='line_1_2' title="bbox 375 604 2580 696; baseline 0 -19"><span class='ocrx_word' id='word_1_6' title='bbox 375 606 542 677; x_wconf 84' lang='lat' dir='ltr'>nibil</span> <span class='ocrx_word' id='word_1_7' title='bbox 573 608 642 677; x_wconf 89' lang='lat' dir='ltr'>iu</span> <span class='ocrx_word' id='word_1_8' title='bbox 670 604 924 677; x_wconf 76' lang='lat' dir='ltr'>talibus</span> <span class='ocrx_word' id='word_1_9' title='bbox 952 612 1151 677; x_wconf 81' lang='lat' dir='ltr'>rebus</span> <span class='ocrx_word' id='word_1_10' title='bbox 1175 619 1284 677; x_wconf 85' lang='lat' dir='ltr'>est</span> <span class='ocrx_word' id='word_1_11' title='bbox 1311 610 1627 696; x_wconf 86' lang='lat' dir='ltr'>celerius)</span> <span class='ocrx_word' id='word_1_12' title='bbox 1681 610 1799 677; x_wconf 88' lang='lat' dir='ltr'>sed</span> <span class='ocrx_word' id='word_1_13' title='bbox 1828 611 2099 677; x_wconf 89' lang='lat' dir='ltr'>nuntius</span> <span class='ocrx_word' id='word_1_14' title='bbox 2132 608 2331 677; x_wconf 88' lang='lat' dir='ltr'>etiam</span> <span class='ocrx_word' id='word_1_15' title='bbox 2360 626 2450 675; x_wconf 82' lang='lat' dir='ltr'>ex</span> <span class='ocrx_word' id='word_1_16' title='bbox 2479 630 2580 677; x_wconf 77' lang='lat' dir='ltr'>re·</span> 
     </span>
     <span class='ocr_line' id='line_1_3' title="bbox 378 708 2585 799; baseline 0 -20"><span class='ocrx_word' id='word_1_17' title='bbox 378 717 508 799; x_wconf 84' lang='lat' dir='ltr'>giis</span> <span class='ocrx_word' id='word_1_18' title='bbox 537 714 774 779; x_wconf 85' lang='lat' dir='ltr'>servis.</span> <span class='ocrx_word' id='word_1_19' title='bbox 865 712 1102 797; x_wconf 84' lang='lat' dir='ltr'>Itaque</span> <span class='ocrx_word' id='word_1_20' title='bbox 1139 712 1667 779; x_wconf 85' lang='lat' dir='ltr'>Andrauodorus</span> <span class='ocrx_word' id='word_1_21' title='bbox 1709 722 1775 781; x_wconf 87' lang='lat' dir='ltr'>et</span> <span class='ocrx_word' id='word_1_22' title='bbox 1823 708 2128 779; x_wconf 85' lang='lat' dir='ltr'><strong>Insulam</strong></span> <span class='ocrx_word' id='word_1_23' title='bbox 2162 720 2231 779; x_wconf 88' lang='lat' dir='ltr'>et</span> <span class='ocrx_word' id='word_1_24' title='bbox 2262 732 2484 779; x_wconf 89' lang='lat' dir='ltr'>arcem</span> <span class='ocrx_word' id='word_1_25' title='bbox 2518 722 2585 779; x_wconf 88' lang='lat' dir='ltr'>et</span> 
     </span>
     <span class='ocr_line' id='line_1_4' title="bbox 377 814 2583 900; baseline -0 -20"><span class='ocrx_word' id='word_1_26' title='bbox 377 816 534 895; x_wconf 87' lang='lat' dir='ltr'>alia,</span> <span class='ocrx_word' id='word_1_27' title='bbox 563 830 718 900; x_wconf 66' lang='lat' dir='ltr'>qum</span> <span class='ocrx_word' id='word_1_28' title='bbox 769 820 1056 899; x_wconf 88' lang='lat' dir='ltr'>poterat,</span> <span class='ocrx_word' id='word_1_29' title='bbox 1089 832 1378 898; x_wconf 66' lang='lat' dir='ltr'>quaeque</span> <span class='ocrx_word' id='word_1_30' title='bbox 1431 820 1819 900; x_wconf 87' lang='lat' dir='ltr'>opportuna</span> <span class='ocrx_word' id='word_1_31' title='bbox 1863 824 2071 894; x_wconf 85' lang='lat' dir='ltr'>erant,</span> <span class='ocrx_word' id='word_1_32' title='bbox 2111 815 2447 899; x_wconf 79' lang='lat' dir='ltr'>praesidiis</span> <span class='ocrx_word' id='word_1_33' title='bbox 2474 814 2583 879; x_wconf 88' lang='lat' dir='ltr'>fir·</span> 
     </span>
     <span class='ocr_line' id='line_1_5' title="bbox 373 909 2583 1001; baseline -0 -19"><span class='ocrx_word' id='word_1_34' title='bbox 373 924 618 983; x_wconf 86' lang='lat' dir='ltr'>marat.</span> <span class='ocrx_word' id='word_1_35' title='bbox 706 909 1079 1001; x_wconf 77' lang='lat' dir='ltr'>Hexapylo</span> <span class='ocrx_word' id='word_1_36' title='bbox 1101 911 1131 953; x_wconf 79' lang='lat'>‘¹</span> <span class='ocrx_word' id='word_1_37' title='bbox 1171 912 1564 982; x_wconf 81' lang='lat' dir='ltr'>Theodotus</span> <span class='ocrx_word' id='word_1_38' title='bbox 1616 936 1698 983; x_wconf 86' lang='lat' dir='ltr'>ac</span> <span class='ocrx_word' id='word_1_39' title='bbox 1748 914 1943 983; x_wconf 88' lang='lat' dir='ltr'>Sosis</span> <span class='ocrx_word' id='word_1_40' title='bbox 1994 926 2156 1001; x_wconf 90' lang='lat' dir='ltr'>post</span> <span class='ocrx_word' id='word_1_41' title='bbox 2186 913 2355 981; x_wconf 85' lang='lat' dir='ltr'>solis</span> <span class='ocrx_word' id='word_1_42' title='bbox 2387 934 2583 981; x_wconf 89' lang='lat' dir='ltr'>occa·</span> 
     </span>
     <span class='ocr_line' id='line_1_6' title="bbox 377 1018 2580 1103; baseline -0 -20"><span class='ocrx_word' id='word_1_43' title='bbox 377 1038 524 1083; x_wconf 83' lang='lat' dir='ltr'>sum</span> <span class='ocrx_word' id='word_1_44' title='bbox 542 1018 684 1103; x_wconf 82' lang='lat' dir='ltr'>jam</span> <span class='ocrx_word' id='word_1_45' title='bbox 711 1018 1007 1083; x_wconf 88' lang='lat' dir='ltr'>obscura</span> <span class='ocrx_word' id='word_1_46' title='bbox 1035 1018 1185 1083; x_wconf 90' lang='lat' dir='ltr'>luce</span> <span class='ocrx_word' id='word_1_47' title='bbox 1219 1020 1488 1097; x_wconf 80' lang='lat' dir='ltr'>invecti,</span> <span class='ocrx_word' id='word_1_48' title='bbox 1507 1039 1659 1085; x_wconf 88' lang='lat' dir='ltr'>cum</span> <span class='ocrx_word' id='word_1_49' title='bbox 1690 1026 2030 1086; x_wconf 81' lang='lat' dir='ltr'><strong>cruentam</strong></span> <span class='ocrx_word' id='word_1_50' title='bbox 2052 1020 2301 1102; x_wconf 84' lang='lat' dir='ltr'>regiam</span> <span class='ocrx_word' id='word_1_51' title='bbox 2328 1028 2580 1083; x_wconf 87' lang='lat' dir='ltr'>vestem</span> 
     </span>
     <span class='ocr_line' id='line_1_7' title="bbox 377 1118 2583 1205; baseline 0 -20"><span class='ocrx_word' id='word_1_52' title='bbox 377 1129 579 1204; x_wconf 85' lang='lat' dir='ltr'>atque</span> <span class='ocrx_word' id='word_1_53' title='bbox 603 1118 862 1203; x_wconf 86' lang='lat' dir='ltr'>insigne</span> <span class='ocrx_word' id='word_1_54' title='bbox 889 1120 1136 1203; x_wconf 87' lang='lat' dir='ltr'>capitis</span> <span class='ocrx_word' id='word_1_55' title='bbox 1167 1128 1593 1196; x_wconf 77' lang='lat' dir='ltr'><strong>ostentarent,</strong></span> <span class='ocrx_word' id='word_1_56' title='bbox 1627 1124 1903 1187; x_wconf 80' lang='lat' dir='ltr'>travecti</span> <span class='ocrx_word' id='word_1_57' title='bbox 1936 1141 2059 1205; x_wconf 86' lang='lat' dir='ltr'>per</span> <span class='ocrx_word' id='word_1_58' title='bbox 2088 1120 2443 1205; x_wconf 83' lang='lat' dir='ltr'>Tycham,¹</span> <span class='ocrx_word' id='word_1_59' title='bbox 2492 1119 2583 1185; x_wconf 88' lang='lat' dir='ltr'>si·</span> 
     </span>
     <span class='ocr_line' id='line_1_8' title="bbox 377 1220 2581 1301; baseline -0 -15"><span class='ocrx_word' id='word_1_60' title='bbox 377 1222 518 1287; x_wconf 88' lang='lat' dir='ltr'>mul</span> <span class='ocrx_word' id='word_1_61' title='bbox 567 1222 651 1287; x_wconf 91' lang='lat' dir='ltr'>ad</span> <span class='ocrx_word' id='word_1_62' title='bbox 705 1221 1104 1300; x_wconf 86' lang='lat' dir='ltr'>libertatem,</span> <span class='ocrx_word' id='word_1_63' title='bbox 1156 1221 1360 1289; x_wconf 86' lang='lat' dir='ltr'>simul</span> <span class='ocrx_word' id='word_1_64' title='bbox 1403 1224 1488 1288; x_wconf 91' lang='lat' dir='ltr'>ad</span> <span class='ocrx_word' id='word_1_65' title='bbox 1531 1242 1717 1290; x_wconf 87' lang='lat' dir='ltr'>arma</span> <span class='ocrx_word' id='word_1_66' title='bbox 1747 1230 2092 1301; x_wconf 80' lang='lat' dir='ltr'>vocantes,</span> <span class='ocrx_word' id='word_1_67' title='bbox 2137 1224 2204 1287; x_wconf 89' lang='lat' dir='ltr'>in</span> <span class='ocrx_word' id='word_1_68' title='bbox 2257 1220 2581 1287; x_wconf 87' lang='lat' dir='ltr'>Achradi-</span> 
     </span>
     <span class='ocr_line' id='line_1_9' title="bbox 377 1321 2585 1410; baseline 0 -24"><span class='ocrx_word' id='word_1_69' title='bbox 377 1330 570 1387; x_wconf 83' lang='lat' dir='ltr'>nam²</span> <span class='ocrx_word' id='word_1_70' title='bbox 593 1322 940 1387; x_wconf 76' lang='lat' dir='ltr'>convenire</span> <span class='ocrx_word' id='word_1_71' title='bbox 969 1324 1238 1408; x_wconf 88' lang='lat' dir='ltr'>jubent.</span> <span class='ocrx_word' id='word_1_72' title='bbox 1329 1321 1729 1403; x_wconf 82' lang='lat' dir='ltr'><strong>Multitudo,</strong></span> <span class='ocrx_word' id='word_1_73' title='bbox 1758 1344 1923 1409; x_wconf 89' lang='lat' dir='ltr'>pars</span> <span class='ocrx_word' id='word_1_74' title='bbox 1957 1326 2286 1410; x_wconf 83' lang='lat' dir='ltr'>procurrit</span> <span class='ocrx_word' id='word_1_75' title='bbox 2313 1326 2381 1388; x_wconf 90' lang='lat' dir='ltr'>in</span> <span class='ocrx_word' id='word_1_76' title='bbox 2414 1325 2585 1401; x_wconf 81' lang='lat' dir='ltr'>vias,</span> 
     </span>
     <span class='ocr_line' id='line_1_10' title="bbox 377 1425 2581 1510; baseline -0.001 -21"><span class='ocrx_word' id='word_1_77' title='bbox 377 1444 536 1509; x_wconf 86' lang='lat' dir='ltr'>pars</span> <span class='ocrx_word' id='word_1_78' title='bbox 557 1432 578 1472; x_wconf 85' lang='lat'><em>³</em></span> <span class='ocrx_word' id='word_1_79' title='bbox 623 1425 693 1488; x_wconf 88' lang='lat' dir='ltr'>in</span> <span class='ocrx_word' id='word_1_80' title='bbox 725 1427 1078 1489; x_wconf 80' lang='lat' dir='ltr'>vestibulis</span> <span class='ocrx_word' id='word_1_81' title='bbox 1124 1432 1292 1500; x_wconf 83' lang='lat' dir='ltr'>stat,</span> <span class='ocrx_word' id='word_1_82' title='bbox 1343 1444 1506 1509; x_wconf 88' lang='lat' dir='ltr'>pars</span> <span class='ocrx_word' id='word_1_83' title='bbox 1553 1444 1647 1490; x_wconf 79' lang='lat' dir='ltr'>ex</span> <span class='ocrx_word' id='word_1_84' title='bbox 1695 1427 1895 1492; x_wconf 87' lang='lat' dir='ltr'>tectis</span> <span class='ocrx_word' id='word_1_85' title='bbox 1936 1427 2397 1510; x_wconf 83' lang='lat' dir='ltr'>fenestrisque·</span> <span class='ocrx_word' id='word_1_86' title='bbox 2435 1441 2581 1507; x_wconf 87' lang='lat' dir='ltr'>pro·</span> 
     </span>
     <span class='ocr_line' id='line_1_11' title="bbox 376 1525 2589 1611; baseline -0 -20"><span class='ocrx_word' id='word_1_87' title='bbox 376 1532 702 1611; x_wconf 84' lang='lat' dir='ltr'>spectant,</span> <span class='ocrx_word' id='word_1_88' title='bbox 749 1534 841 1605; x_wconf 87' lang='lat' dir='ltr'>et,</span> <span class='ocrx_word' id='word_1_89' title='bbox 871 1527 1030 1611; x_wconf 86' lang='lat' dir='ltr'>quid</span> <span class='ocrx_word' id='word_1_90' title='bbox 1074 1530 1167 1593; x_wconf 84' lang='lat' dir='ltr'>rei</span> <span class='ocrx_word' id='word_1_91' title='bbox 1198 1528 1317 1606; x_wconf 85' lang='lat' dir='ltr'>sit,</span> <span class='ocrx_word' id='word_1_92' title='bbox 1365 1530 1685 1609; x_wconf 82' lang='lat' dir='ltr'>rogitant.</span> <span class='ocrx_word' id='word_1_93' title='bbox 1774 1528 2023 1593; x_wconf 83' lang='lat' dir='ltr'>Omnia</span> <span class='ocrx_word' id='word_1_94' title='bbox 2050 1528 2415 1593; x_wconf 79' lang='lat' dir='ltr'><strong>luminibus</strong></span> <span class='ocrx_word' id='word_1_95' title='bbox 2446 1525 2589 1591; x_wconf 89' lang='lat' dir='ltr'>col-</span> 
     </span>
     <span class='ocr_line' id='line_1_12' title="bbox 378 1628 2591 1712; baseline -0 -21"><span class='ocrx_word' id='word_1_96' title='bbox 378 1628 622 1705; x_wconf 77' lang='lat' dir='ltr'>lucent,</span> <span class='ocrx_word' id='word_1_97' title='bbox 655 1630 1074 1711; x_wconf 76' lang='lat' dir='ltr'>strepituque</span> <span class='ocrx_word' id='word_1_98' title='bbox 1104 1629 1295 1693; x_wconf 79' lang='lat' dir='ltr'>vario</span> <span class='ocrx_word' id='word_1_99' title='bbox 1323 1630 1766 1712; x_wconf 83' lang='lat' dir='ltr'>complentur.</span> <span class='ocrx_word' id='word_1_100' title='bbox 1859 1628 2113 1693; x_wconf 84' lang='lat' dir='ltr'>Armati</span> <span class='ocrx_word' id='word_1_101' title='bbox 2156 1629 2327 1693; x_wconf 91' lang='lat' dir='ltr'>locis</span> <span class='ocrx_word' id='word_1_102' title='bbox 2354 1635 2591 1712; x_wconf 86' lang='lat' dir='ltr'>paten-</span> 
     </span>
     <span class='ocr_line' id='line_1_13' title="bbox 381 1727 2589 1813; baseline -0 -20"><span class='ocrx_word' id='word_1_103' title='bbox 381 1729 564 1793; x_wconf 82' lang='lat' dir='ltr'>tibus</span> <span class='ocrx_word' id='word_1_104' title='bbox 615 1736 1126 1812; x_wconf 76' lang='lat' dir='ltr'>congregantur.</span> <span class='ocrx_word' id='word_1_105' title='bbox 1233 1728 1526 1794; x_wconf 73' lang='lat' dir='ltr'>inermes</span> <span class='ocrx_word' id='word_1_106' title='bbox 1579 1748 1669 1793; x_wconf 82' lang='lat' dir='ltr'>ex</span> <span class='ocrx_word' id='word_1_107' title='bbox 1730 1728 2035 1813; x_wconf 78' lang='lat' dir='ltr'><strong>Olympii</strong></span> <span class='ocrx_word' id='word_1_108' title='bbox 2090 1729 2287 1795; x_wconf 79' lang='lat' dir='ltr'>Jovis</span> <span class='ocrx_word' id='word_1_109' title='bbox 2338 1727 2589 1811; x_wconf 82' lang='lat' dir='ltr'>templo</span> 
     </span>
     <span class='ocr_line' id='line_1_14' title="bbox 383 1830 2581 1918; baseline -0 -24"><span class='ocrx_word' id='word_1_110' title='bbox 383 1832 600 1915; x_wconf 86' lang='lat' dir='ltr'>spolia</span> <span class='ocrx_word' id='word_1_111' title='bbox 649 1830 998 1896; x_wconf 76' lang='lat' dir='ltr'>Gallorum</span> <span class='ocrx_word' id='word_1_112' title='bbox 1043 1830 1576 1915; x_wconf 82' lang='lat' dir='ltr'>Illyriorumque,</span> <span class='ocrx_word' id='word_1_113' title='bbox 1618 1830 1793 1895; x_wconf 86' lang='lat' dir='ltr'>dono</span> <span class='ocrx_word' id='word_1_114' title='bbox 1840 1830 1994 1896; x_wconf 83' lang='lat' dir='ltr'>data</span> <span class='ocrx_word' id='word_1_115' title='bbox 2044 1830 2326 1895; x_wconf 88' lang='lat' dir='ltr'>Hieroni</span> <span class='ocrx_word' id='word_1_116' title='bbox 2379 1849 2422 1894; x_wconf 86' lang='lat' dir='ltr'>a</span> <span class='ocrx_word' id='word_1_117' title='bbox 2464 1850 2581 1918; x_wconf 91' lang='lat' dir='ltr'>po·</span> 
     </span>
     <span class='ocr_line' id='line_1_15' title="bbox 381 1930 2589 2017; baseline -0 -20"><span class='ocrx_word' id='word_1_118' title='bbox 381 1932 547 2016; x_wconf 86' lang='lat' dir='ltr'>pulo</span> <span class='ocrx_word' id='word_1_119' title='bbox 579 1931 894 1998; x_wconf 82' lang='lat' dir='ltr'>Romano</span> <span class='ocrx_word' id='word_1_120' title='bbox 925 1933 1198 2017; x_wconf 78' lang='lat' dir='ltr'>fixaque</span> <span class='ocrx_word' id='word_1_121' title='bbox 1237 1933 1328 1998; x_wconf 89' lang='lat' dir='ltr'>ab</span> <span class='ocrx_word' id='word_1_122' title='bbox 1367 1951 1475 2011; x_wconf 89' lang='lat' dir='ltr'>eo,</span> <span class='ocrx_word' id='word_1_123' title='bbox 1519 1932 1891 2011; x_wconf 82' lang='lat' dir='ltr'>detrabunt,</span> <span class='ocrx_word' id='word_1_124' title='bbox 1930 1942 2285 2017; x_wconf 89' lang='lat' dir='ltr'>precantes</span> <span class='ocrx_word' id='word_1_125' title='bbox 2319 1930 2367 1998; x_wconf 83' lang='lat' dir='ltr'><strong>J</strong></span> <span class='ocrx_word' id='word_1_126' title='bbox 2371 1950 2589 2011; x_wconf 85' lang='lat' dir='ltr'>ovem,</span> 
     </span>
     <span class='ocr_line' id='line_1_16' title="bbox 381 2032 2590 2119; baseline -0 -20"><span class='ocrx_word' id='word_1_127' title='bbox 381 2038 458 2099; x_wconf 84' lang='lat' dir='ltr'>ut</span> <span class='ocrx_word' id='word_1_128' title='bbox 483 2032 722 2099; x_wconf 81' lang='lat' dir='ltr'>volens</span> <span class='ocrx_word' id='word_1_129' title='bbox 770 2035 1103 2118; x_wconf 85' lang='lat' dir='ltr'>propitius</span> <span class='ocrx_word' id='word_1_130' title='bbox 1150 2032 1452 2117; x_wconf 81' lang='lat' dir='ltr'>praebeat</span> <span class='ocrx_word' id='word_1_131' title='bbox 1500 2052 1700 2100; x_wconf 85' lang='lat' dir='ltr'>sacra</span> <span class='ocrx_word' id='word_1_132' title='bbox 1739 2052 1953 2112; x_wconf 78' lang='lat' dir='ltr'>arma,</span> <span class='ocrx_word' id='word_1_133' title='bbox 2002 2052 2124 2118; x_wconf 90' lang='lat' dir='ltr'>pro</span> <span class='ocrx_word' id='word_1_134' title='bbox 2168 2035 2417 2119; x_wconf 84' lang='lat' dir='ltr'>patria,</span> <span class='ocrx_word' id='word_1_135' title='bbox 2466 2052 2590 2119; x_wconf 90' lang='lat' dir='ltr'>pro</span> 
     </span>
     <span class='ocr_line' id='line_1_17' title="bbox 385 2133 2589 2219; baseline 0 -20"><span class='ocrx_word' id='word_1_136' title='bbox 385 2133 612 2200; x_wconf 88' lang='lat' dir='ltr'>Deum</span> <span class='ocrx_word' id='word_1_137' title='bbox 641 2134 956 2212; x_wconf 87' lang='lat' dir='ltr'>delubris,</span> <span class='ocrx_word' id='word_1_138' title='bbox 985 2152 1110 2219; x_wconf 90' lang='lat' dir='ltr'>pro</span> <span class='ocrx_word' id='word_1_139' title='bbox 1150 2135 1457 2200; x_wconf 87' lang='lat' dir='ltr'>libertate</span> <span class='ocrx_word' id='word_1_140' title='bbox 1489 2154 1643 2199; x_wconf 88' lang='lat' dir='ltr'>sese</span> <span class='ocrx_word' id='word_1_141' title='bbox 1691 2136 2121 2200; x_wconf 74' lang='lat' dir='ltr'>armantibus.</span> <span class='ocrx_word' id='word_1_142' title='bbox 2213 2134 2396 2201; x_wconf 82' lang='lat' dir='ltr'>Haec</span> <span class='ocrx_word' id='word_1_143' title='bbox 2424 2155 2589 2219; x_wconf 90' lang='lat' dir='ltr'>quo-</span> 
     </span>
     <span class='ocr_line' id='line_1_18' title="bbox 387 2235 2591 2320; baseline 0 -19"><span class='ocrx_word' id='word_1_144' title='bbox 387 2256 520 2320; x_wconf 86' lang='lat' dir='ltr'>que</span> <span class='ocrx_word' id='word_1_145' title='bbox 568 2236 948 2313; x_wconf 82' lang='lat' dir='ltr'>multitudo,</span> <span class='ocrx_word' id='word_1_146' title='bbox 993 2235 1390 2300; x_wconf 85' lang='lat' dir='ltr'>stationibus</span> <span class='ocrx_word' id='word_1_147' title='bbox 1440 2253 1563 2317; x_wconf 91' lang='lat' dir='ltr'>per</span> <span class='ocrx_word' id='word_1_148' title='bbox 1611 2236 1958 2320; x_wconf 82' lang='lat' dir='ltr'>principes</span> <span class='ocrx_word' id='word_1_149' title='bbox 2008 2237 2347 2319; x_wconf 79' lang='lat' dir='ltr'>regionum</span> <span class='ocrx_word' id='word_1_150' title='bbox 2400 2237 2591 2301; x_wconf 87' lang='lat' dir='ltr'>urbis</span> 
     </span>
     <span class='ocr_line' id='line_1_19' title="bbox 387 2334 2592 2423; baseline 0 -22"><span class='ocrx_word' id='word_1_151' title='bbox 387 2337 762 2422; x_wconf 84' lang='lat' dir='ltr'>dispositis,</span> <span class='ocrx_word' id='word_1_152' title='bbox 791 2337 1195 2423; x_wconf 80' lang='lat' dir='ltr'>adjungitur.</span> <span class='ocrx_word' id='word_1_153' title='bbox 1284 2336 1366 2402; x_wconf 89' lang='lat' dir='ltr'>In</span> <span class='ocrx_word' id='word_1_154' title='bbox 1393 2334 1653 2416; x_wconf 80' lang='lat' dir='ltr'>Insula,</span> <span class='ocrx_word' id='word_1_155' title='bbox 1672 2338 1847 2403; x_wconf 89' lang='lat' dir='ltr'>inter</span> <span class='ocrx_word' id='word_1_156' title='bbox 1876 2344 2124 2417; x_wconf 87' lang='lat' dir='ltr'>cetera,</span> <span class='ocrx_word' id='word_1_157' title='bbox 2146 2336 2592 2403; x_wconf 84' lang='lat' dir='ltr'>Andranodo-</span> 
     </span>
     <span class='ocr_line' id='line_1_20' title="bbox 386 2438 2591 2525; baseline -0 -21"><span class='ocrx_word' id='word_1_158' title='bbox 386 2456 502 2504; x_wconf 77' lang='lat' dir='ltr'>rus</span> <span class='ocrx_word' id='word_1_159' title='bbox 531 2441 868 2525; x_wconf 69' lang='lat' dir='ltr'>praesidiis</span> <span class='ocrx_word' id='word_1_160' title='bbox 897 2440 1116 2505; x_wconf 86' lang='lat' dir='ltr'>firmat</span> <span class='ocrx_word' id='word_1_161' title='bbox 1145 2440 1381 2505; x_wconf 84' lang='lat' dir='ltr'>horrea</span> <span class='ocrx_word' id='word_1_162' title='bbox 1407 2440 1702 2523; x_wconf 88' lang='lat' dir='ltr'>publica.</span> <span class='ocrx_word' id='word_1_163' title='bbox 1774 2438 2029 2519; x_wconf 88' lang='lat' dir='ltr'>Locus,</span> <span class='ocrx_word' id='word_1_164' title='bbox 2051 2460 2225 2505; x_wconf 85' lang='lat' dir='ltr'>saxo</span> <span class='ocrx_word' id='word_1_165' title='bbox 2254 2439 2591 2524; x_wconf 87' lang='lat' dir='ltr'>quadrato</span> 
     </span>
     <span class='ocr_line' id='line_1_21' title="bbox 387 2542 2591 2627; baseline -0 -22"><span class='ocrx_word' id='word_1_166' title='bbox 387 2549 628 2626; x_wconf 84' lang='lat' dir='ltr'>septus</span> <span class='ocrx_word' id='word_1_167' title='bbox 675 2550 880 2627; x_wconf 83' lang='lat' dir='ltr'>atque</span> <span class='ocrx_word' id='word_1_168' title='bbox 923 2543 1099 2607; x_wconf 86' lang='lat' dir='ltr'>arcis</span> <span class='ocrx_word' id='word_1_169' title='bbox 1127 2544 1200 2607; x_wconf 87' lang='lat' dir='ltr'>in</span> <span class='ocrx_word' id='word_1_170' title='bbox 1232 2542 1507 2607; x_wconf 89' lang='lat' dir='ltr'>modum</span> <span class='ocrx_word' id='word_1_171' title='bbox 1540 2544 1903 2620; x_wconf 88' lang='lat' dir='ltr'>emunitus,</span> <span class='ocrx_word' id='word_1_172' title='bbox 1931 2542 2195 2627; x_wconf 89' lang='lat' dir='ltr'>capitur</span> <span class='ocrx_word' id='word_1_173' title='bbox 2241 2542 2330 2606; x_wconf 90' lang='lat' dir='ltr'>ab</span> <span class='ocrx_word' id='word_1_174' title='bbox 2352 2542 2591 2625; x_wconf 84' lang='lat' dir='ltr'>juven·-</span> 
     </span>
     <span class='ocr_line' id='line_1_22' title="bbox 385 2644 2591 2729; baseline -0 -22"><span class='ocrx_word' id='word_1_175' title='bbox 385 2647 550 2721; x_wconf 81' lang='lat' dir='ltr'>tute,</span> <span class='ocrx_word' id='word_1_176' title='bbox 581 2664 735 2729; x_wconf 83' lang='lat' dir='ltr'>quae</span> <span class='ocrx_word' id='word_1_177' title='bbox 765 2644 1095 2728; x_wconf 69' lang='lat' dir='ltr'>praesidio</span> <span class='ocrx_word' id='word_1_178' title='bbox 1116 2644 1260 2729; x_wconf 88' lang='lat' dir='ltr'>ejus</span> <span class='ocrx_word' id='word_1_179' title='bbox 1289 2646 1427 2711; x_wconf 92' lang='lat' dir='ltr'>loci</span> <span class='ocrx_word' id='word_1_180' title='bbox 1457 2647 1776 2711; x_wconf 87' lang='lat' dir='ltr'>attributa</span> <span class='ocrx_word' id='word_1_181' title='bbox 1805 2652 1965 2724; x_wconf 85' lang='lat' dir='ltr'>erat,</span> <span class='ocrx_word' id='word_1_182' title='bbox 1997 2646 2400 2729; x_wconf 87' lang='lat' dir='ltr'>mittuntque</span> <span class='ocrx_word' id='word_1_183' title='bbox 2430 2662 2591 2707; x_wconf 90' lang='lat' dir='ltr'>nun-</span> 
     </span>
     <span class='ocr_line' id='line_1_23' title="bbox 389 2744 2594 2829; baseline 0 -20"><span class='ocrx_word' id='word_1_184' title='bbox 389 2744 527 2809; x_wconf 85' lang='lat' dir='ltr'>tios</span> <span class='ocrx_word' id='word_1_185' title='bbox 557 2746 623 2809; x_wconf 88' lang='lat' dir='ltr'>iu</span> <span class='ocrx_word' id='word_1_186' title='bbox 668 2744 1146 2823; x_wconf 87' lang='lat' dir='ltr'>Achradinam,</span> <span class='ocrx_word' id='word_1_187' title='bbox 1177 2746 1414 2811; x_wconf 89' lang='lat' dir='ltr'>horrea</span> <span class='ocrx_word' id='word_1_188' title='bbox 1441 2747 1977 2829; x_wconf 85' lang='lat' dir='ltr'>frumentumque</span> <span class='ocrx_word' id='word_1_189' title='bbox 2024 2748 2095 2811; x_wconf 89' lang='lat' dir='ltr'>in</span> <span class='ocrx_word' id='word_1_190' title='bbox 2148 2752 2426 2811; x_wconf 85' lang='lat' dir='ltr'>senatus</span> <span class='ocrx_word' id='word_1_191' title='bbox 2470 2766 2594 2829; x_wconf 88' lang='lat' dir='ltr'>po-</span> 
     </span>
     <span class='ocr_line' id='line_1_24' title="bbox 391 2851 830 2912; baseline 0.002 -1"><span class='ocrx_word' id='word_1_192' title='bbox 391 2851 636 2912; x_wconf 83' lang='lat' dir='ltr'>testate</span> <span class='ocrx_word' id='word_1_193' title='bbox 659 2865 830 2912; x_wconf 88' lang='lat' dir='ltr'>esse.</span> 
     </span>
    </p>

    <p class='ocr_par' dir='ltr' id='par_1_3' title="bbox 389 2946 2597 3335">
     <span class='ocr_line' id='line_1_25' title="bbox 473 2946 2593 3033; baseline 0 -22"><span class='ocrx_word' id='word_1_194' title='bbox 473 2946 582 3011; x_wconf 72' lang='lat'>22.</span> <span class='ocrx_word' id='word_1_195' title='bbox 629 2946 816 3011; x_wconf 84' lang='lat' dir='ltr'>Luce</span> <span class='ocrx_word' id='word_1_196' title='bbox 858 2948 1078 3030; x_wconf 89' lang='lat' dir='ltr'>prima</span> <span class='ocrx_word' id='word_1_197' title='bbox 1119 2946 1420 3031; x_wconf 87' lang='lat' dir='ltr'>populus</span> <span class='ocrx_word' id='word_1_198' title='bbox 1461 2948 1680 3012; x_wconf 87' lang='lat' dir='ltr'>omnis</span> <span class='ocrx_word' id='word_1_199' title='bbox 1730 2954 2029 3013; x_wconf 83' lang='lat' dir='ltr'>armatus</span> <span class='ocrx_word' id='word_1_200' title='bbox 2074 2947 2477 3033; x_wconf 86' lang='lat' dir='ltr'>inermisque</span> <span class='ocrx_word' id='word_1_201' title='bbox 2521 2948 2593 3011; x_wconf 88' lang='lat' dir='ltr'>in</span> 
     </span>
     <span class='ocr_line' id='line_1_26' title="bbox 389 3046 2589 3134; baseline 0.002 -23"><span class='ocrx_word' id='word_1_202' title='bbox 389 3046 836 3113; x_wconf 85' lang='lat' dir='ltr'>Achradinam</span> <span class='ocrx_word' id='word_1_203' title='bbox 883 3047 969 3113; x_wconf 86' lang='lat' dir='ltr'>ad</span> <span class='ocrx_word' id='word_1_204' title='bbox 1011 3051 1260 3114; x_wconf 86' lang='lat' dir='ltr'>curiam</span> <span class='ocrx_word' id='word_1_205' title='bbox 1303 3050 1643 3115; x_wconf 87' lang='lat' dir='ltr'>convenit.</span> <span class='ocrx_word' id='word_1_206' title='bbox 1733 3049 1841 3115; x_wconf 89' lang='lat' dir='ltr'>Ibi</span> <span class='ocrx_word' id='word_1_207' title='bbox 1872 3069 1993 3134; x_wconf 90' lang='lat' dir='ltr'>pro</span> <span class='ocrx_word' id='word_1_208' title='bbox 2026 3048 2424 3116; x_wconf 81' lang='lat' dir='ltr'>Concordiae</span> <span class='ocrx_word' id='word_1_209' title='bbox 2446 3068 2589 3129; x_wconf 88' lang='lat' dir='ltr'>ara,</span> 
     </span>
     <span class='ocr_line' id='line_1_27' title="bbox 393 3149 2595 3237; baseline 0.001 -23"><span class='ocrx_word' id='word_1_210' title='bbox 393 3168 550 3233; x_wconf 72' lang='lat' dir='ltr'>quas</span> <span class='ocrx_word' id='word_1_211' title='bbox 581 3149 648 3213; x_wconf 87' lang='lat' dir='ltr'>in</span> <span class='ocrx_word' id='word_1_212' title='bbox 678 3170 758 3214; x_wconf 91' lang='lat' dir='ltr'>eo</span> <span class='ocrx_word' id='word_1_213' title='bbox 787 3152 923 3215; x_wconf 87' lang='lat' dir='ltr'>sita</span> <span class='ocrx_word' id='word_1_214' title='bbox 961 3150 1116 3215; x_wconf 91' lang='lat' dir='ltr'>loco</span> <span class='ocrx_word' id='word_1_215' title='bbox 1152 3159 1318 3229; x_wconf 89' lang='lat' dir='ltr'>erat,</span> <span class='ocrx_word' id='word_1_216' title='bbox 1346 3172 1436 3216; x_wconf 84' lang='lat' dir='ltr'>ex</span> <span class='ocrx_word' id='word_1_217' title='bbox 1481 3152 1903 3237; x_wconf 82' lang='lat' dir='ltr'>principibus</span> <span class='ocrx_word' id='word_1_218' title='bbox 1944 3172 2115 3217; x_wconf 89' lang='lat' dir='ltr'>unus</span> <span class='ocrx_word' id='word_1_219' title='bbox 2162 3153 2429 3217; x_wconf 89' lang='lat' dir='ltr'>nomine</span> <span class='ocrx_word' id='word_1_220' title='bbox 2460 3150 2595 3217; x_wconf 88' lang='lat' dir='ltr'>Po·</span> 
     </span>
     <span class='ocr_line' id='line_1_28' title="bbox 389 3250 2597 3335; baseline -0 -18"><span class='ocrx_word' id='word_1_221' title='bbox 389 3250 650 3335; x_wconf 76' lang='lat' dir='ltr'>lyaenus</span> <span class='ocrx_word' id='word_1_222' title='bbox 668 3259 699 3301; x_wconf 83' lang='lat'>⁴</span> <span class='ocrx_word' id='word_1_223' title='bbox 727 3254 1112 3319; x_wconf 85' lang='lat' dir='ltr'>concionem</span> <span class='ocrx_word' id='word_1_224' title='bbox 1141 3260 1212 3319; x_wconf 88' lang='lat' dir='ltr'>et</span> <span class='ocrx_word' id='word_1_225' title='bbox 1235 3252 1516 3317; x_wconf 87' lang='lat' dir='ltr'>liberam</span> <span class='ocrx_word' id='word_1_226' title='bbox 1539 3262 1612 3317; x_wconf 89' lang='lat' dir='ltr'>et</span> <span class='ocrx_word' id='word_1_227' title='bbox 1640 3253 2049 3318; x_wconf 88' lang='lat' dir='ltr'>moderatam</span> <span class='ocrx_word' id='word_1_228' title='bbox 2081 3253 2355 3317; x_wconf 86' lang='lat' dir='ltr'>habuit:</span> <span class='ocrx_word' id='word_1_229' title='bbox 2401 3258 2421 3287; x_wconf 89' lang='lat'>‘</span> <span class='ocrx_word' id='word_1_230' title='bbox 2442 3252 2597 3317; x_wconf 85' lang='lat' dir='ltr'>Ser-</span> 
     </span>
    </p>
   </div>
   <div class='ocr_carea' id='block_1_3' title="bbox 396 3536 2599 3671">
    <p class='ocr_par' dir='ltr' id='par_1_4' title="bbox 396 3536 2599 3671">
     <span class='ocr_line' id='line_1_29' title="bbox 398 3536 2599 3593; baseline 0 -4"><span class='ocrx_word' id='word_1_231' title='bbox 398 3546 520 3589; x_wconf 82' lang='lat' dir='ltr'>snte</span> <span class='ocrx_word' id='word_1_232' title='bbox 559 3538 888 3591; x_wconf 60' lang='lat' dir='ltr'>Omnem—1</span> <span class='ocrx_word' id='word_1_233' title='bbox 925 3538 1010 3591; x_wconf 83' lang='grc' dir='ltr'>ΑΙ.</span> <span class='ocrx_word' id='word_1_234' title='bbox 1036 3536 1232 3591; x_wconf 62' lang='lat' dir='ltr'>sticum</span> <span class='ocrx_word' id='word_1_235' title='bbox 1255 3548 1310 3593; x_wconf 81' lang='lat' dir='ltr'>et</span> <span class='ocrx_word' id='word_1_236' title='bbox 1333 3539 1617 3593; x_wconf 62' lang='lat' dir='ltr'>ficum-2</span> <span class='ocrx_word' id='word_1_237' title='bbox 1652 3540 1737 3593; x_wconf 84' lang='grc' dir='ltr'>ΑΙ.</span> <span class='ocrx_word' id='word_1_238' title='bbox 1775 3540 2178 3591; x_wconf 59' lang='lat' dir='ltr'>Amatam-s</span> <span class='ocrx_word' id='word_1_239' title='bbox 2211 3539 2228 3567; x_wconf 78' lang='lat'><em>⁶</em></span> <span class='ocrx_word' id='word_1_240' title='bbox 2256 3536 2394 3588; x_wconf 77' lang='lat' dir='ltr'>Add.</span> <span class='ocrx_word' id='word_1_241' title='bbox 2426 3538 2599 3589; x_wconf 68' lang='lat' dir='ltr'>«rdiam</span> 
     </span>
     <span class='ocr_line' id='line_1_30' title="bbox 396 3602 2310 3671; baseline -0.001 -17"><span class='ocrx_word' id='word_1_242' title='bbox 396 3602 531 3656; x_wconf 79' lang='lat' dir='ltr'>Edd.</span> <span class='ocrx_word' id='word_1_243' title='bbox 558 3612 682 3656; x_wconf 81' lang='lat' dir='ltr'>aute</span> <span class='ocrx_word' id='word_1_244' title='bbox 709 3604 871 3655; x_wconf 81' lang='lat' dir='ltr'>Drsk.</span> <span class='ocrx_word' id='word_1_245' title='bbox 939 3606 1044 3656; x_wconf 85' lang='lat' dir='ltr'>Sed</span> <span class='ocrx_word' id='word_1_246' title='bbox 1069 3607 1270 3657; x_wconf 74' lang='lat' dir='ltr'>mallem</span> <span class='ocrx_word' id='word_1_247' title='bbox 1293 3607 1449 3657; x_wconf 77' lang='lat' dir='ltr'>etism</span> <span class='ocrx_word' id='word_1_248' title='bbox 1480 3612 1763 3671; x_wconf 69' lang='lat' dir='ltr'>procurrant</span> <span class='ocrx_word' id='word_1_249' title='bbox 1780 3638 1823 3656; x_wconf 86' lang='grc'>..</span> <span class='ocrx_word' id='word_1_250' title='bbox 1842 3638 1857 3655; x_wconf 88' lang='grc'><strong><em>.</em></strong></span> <span class='ocrx_word' id='word_1_251' title='bbox 1876 3640 1891 3655; x_wconf 91' lang='grc'><strong>.</strong></span> <span class='ocrx_word' id='word_1_252' title='bbox 1909 3603 2081 3655; x_wconf 57' lang='lat' dir='ltr'>stunt?</span> <span class='ocrx_word' id='word_1_253' title='bbox 2110 3604 2310 3655; x_wconf 81' lang='lat' dir='ltr'>Stroth.</span> 
     </span>
    </p>
   </div>
   <div class='ocr_carea' id='block_1_4' title="bbox 398 3860 2602 4385">
    <p class='ocr_par' dir='ltr' id='par_1_5' title="bbox 398 3860 2602 4231">
     <span class='ocr_line' id='line_1_31' title="bbox 399 3860 2599 3929; baseline 0 -18"><span class='ocrx_word' id='word_1_254' title='bbox 399 3860 630 3921; x_wconf 71' lang='lat' dir='ltr'>civitate,</span> <span class='ocrx_word' id='word_1_255' title='bbox 668 3861 1017 3929; x_wconf 77' lang='lat' dir='ltr'>impositoque</span> <span class='ocrx_word' id='word_1_256' title='bbox 1055 3862 1202 3913; x_wconf 83' lang='lat' dir='ltr'>unius</span> <span class='ocrx_word' id='word_1_257' title='bbox 1235 3878 1302 3913; x_wconf 83' lang='lat' dir='ltr'>ex</span> <span class='ocrx_word' id='word_1_258' title='bbox 1331 3860 1460 3915; x_wconf 77' lang='lat' dir='ltr'>filis·</span> <span class='ocrx_word' id='word_1_259' title='bbox 1543 3862 1723 3913; x_wconf 79' lang='lat' dir='ltr'>Iusnla</span> <span class='ocrx_word' id='word_1_260' title='bbox 1756 3860 2128 3924; x_wconf 74' lang='lat' dir='ltr'>Syracusarum</span> <span class='ocrx_word' id='word_1_261' title='bbox 2174 3861 2385 3927; x_wconf 81' lang='lat' dir='ltr'>proprie</span> <span class='ocrx_word' id='word_1_262' title='bbox 2413 3874 2599 3911; x_wconf 80' lang='lat' dir='ltr'>nomen</span> 
     </span>
     <span class='ocr_line' id='line_1_32' title="bbox 401 3936 2601 4002; baseline -0 -15"><span class='ocrx_word' id='word_1_263' title='bbox 401 3936 499 3987; x_wconf 85' lang='lat' dir='ltr'>bus</span> <span class='ocrx_word' id='word_1_264' title='bbox 534 3938 758 3989; x_wconf 75' lang='lat' dir='ltr'>nomine.</span> <span class='ocrx_word' id='word_1_265' title='bbox 827 3938 1001 3989; x_wconf 75' lang='lat' dir='ltr'>Hodie</span> <span class='ocrx_word' id='word_1_266' title='bbox 1031 3938 1216 3989; x_wconf 76' lang='lat' dir='ltr'>Siculis</span> <span class='ocrx_word' id='word_1_267' title='bbox 1240 3940 1462 3991; x_wconf 63' lang='lat' dir='ltr'>sirenem</span> <span class='ocrx_word' id='word_1_268' title='bbox 1543 3938 1687 3997; x_wconf 85' lang='lat' dir='ltr'>tulit,</span> <span class='ocrx_word' id='word_1_269' title='bbox 1694 3938 1979 4002; x_wconf 78' lang='lat' dir='ltr'>junctaque</span> <span class='ocrx_word' id='word_1_270' title='bbox 1996 3944 2111 3987; x_wconf 83' lang='lat' dir='ltr'>erst</span> <span class='ocrx_word' id='word_1_271' title='bbox 2132 3946 2288 4002; x_wconf 83' lang='lat' dir='ltr'>ponte</span> <span class='ocrx_word' id='word_1_272' title='bbox 2304 3952 2419 3987; x_wconf 85' lang='lat' dir='ltr'>cnm</span> <span class='ocrx_word' id='word_1_273' title='bbox 2438 3938 2601 3988; x_wconf 78' lang='lat' dir='ltr'>Acra-</span> 
     </span>
     <span class='ocr_line' id='line_1_33' title="bbox 399 4012 2602 4083; baseline -0.001 -20"><span class='ocrx_word' id='word_1_274' title='bbox 399 4012 608 4075; x_wconf 84' lang='lat' dir='ltr'>dicitur,</span> <span class='ocrx_word' id='word_1_275' title='bbox 633 4012 880 4077; x_wconf 73' lang='lat' dir='ltr'>Hispanis</span> <span class='ocrx_word' id='word_1_276' title='bbox 909 4014 1290 4066; x_wconf 71' lang='lat' dir='ltr'>dominantibus</span> <span class='ocrx_word' id='word_1_277' title='bbox 1312 4016 1461 4065; x_wconf 71' lang='lat' dir='ltr'>Sora·</span> <span class='ocrx_word' id='word_1_278' title='bbox 1543 4014 1709 4083; x_wconf 37' lang='lat' dir='ltr'>diua..</span> <span class='ocrx_word' id='word_1_279' title='bbox 1749 4014 1849 4063; x_wconf 83' lang='lat' dir='ltr'>His</span> <span class='ocrx_word' id='word_1_280' title='bbox 1888 4023 2109 4077; x_wconf 77' lang='lat' dir='ltr'>quatuor</span> <span class='ocrx_word' id='word_1_281' title='bbox 2147 4015 2381 4077; x_wconf 78' lang='lat' dir='ltr'>partibus</span> <span class='ocrx_word' id='word_1_282' title='bbox 2422 4012 2602 4075; x_wconf 75' lang='lat' dir='ltr'>adjici·-</span> 
     </span>
     <span class='ocr_line' id='line_1_34' title="bbox 398 4086 2602 4155; baseline -0.001 -16"><span class='ocrx_word' id='word_1_283' title='bbox 398 4103 557 4151; x_wconf 63' lang='lat' dir='ltr'>cous.</span> <span class='ocrx_word' id='word_1_284' title='bbox 625 4090 704 4139; x_wconf 73' lang='lat' dir='ltr'>Ex</span> <span class='ocrx_word' id='word_1_285' title='bbox 746 4098 968 4152; x_wconf 55' lang='lat' dir='ltr'>(gunnor</span> <span class='ocrx_word' id='word_1_286' title='bbox 1009 4091 1220 4143; x_wconf 82' lang='lat' dir='ltr'>urbibus</span> <span class='ocrx_word' id='word_1_287' title='bbox 1261 4098 1465 4141; x_wconf 78' lang='lat' dir='ltr'>cousta-</span> <span class='ocrx_word' id='word_1_288' title='bbox 1543 4098 1696 4140; x_wconf 81' lang='lat' dir='ltr'>untur</span> <span class='ocrx_word' id='word_1_289' title='bbox 1716 4090 1969 4154; x_wconf 70' lang='lat' dir='ltr'>Epipoloe,</span> <span class='ocrx_word' id='word_1_290' title='bbox 1994 4102 2109 4155; x_wconf 68' lang='lat' dir='ltr'>qum</span> <span class='ocrx_word' id='word_1_291' title='bbox 2145 4104 2265 4155; x_wconf 77' lang='lat' dir='ltr'>pars</span> <span class='ocrx_word' id='word_1_292' title='bbox 2298 4088 2463 4137; x_wconf 76' lang='lat' dir='ltr'>instar</span> <span class='ocrx_word' id='word_1_293' title='bbox 2482 4086 2602 4137; x_wconf 82' lang='lat' dir='ltr'>sub·</span> 
     </span>
     <span class='ocr_line' id='line_1_35' title="bbox 401 4164 1697 4231; baseline 0 -16"><span class='ocrx_word' id='word_1_294' title='bbox 401 4164 516 4227; x_wconf 75' lang='lat' dir='ltr'>bat,</span> <span class='ocrx_word' id='word_1_295' title='bbox 537 4178 600 4213; x_wconf 77' lang='lat' dir='ltr'>es</span> <span class='ocrx_word' id='word_1_296' title='bbox 623 4178 808 4228; x_wconf 67' lang='lat' dir='ltr'>neuipe</span> <span class='ocrx_word' id='word_1_297' title='bbox 829 4180 946 4231; x_wconf 66' lang='lat' dir='ltr'>que</span> <span class='ocrx_word' id='word_1_298' title='bbox 968 4166 1148 4217; x_wconf 78' lang='lat' dir='ltr'>Insula</span> <span class='ocrx_word' id='word_1_299' title='bbox 1171 4164 1462 4225; x_wconf 77' lang='lat' dir='ltr'>dicebatur,</span> <span class='ocrx_word' id='word_1_300' title='bbox 1541 4165 1697 4215; x_wconf 88' lang='lat' dir='ltr'>urbii.</span> 
     </span>
    </p>

    <p class='ocr_par' dir='ltr' id='par_1_6' title="bbox 401 4237 2602 4385">
     <span class='ocr_line' id='line_1_36' title="bbox 401 4237 2602 4306; baseline -0.001 -16"><span class='ocrx_word' id='word_1_301' title='bbox 401 4239 684 4302; x_wconf 82' lang='lat' dir='ltr'>Acrsdins,</span> <span class='ocrx_word' id='word_1_302' title='bbox 735 4242 813 4305; x_wconf 73' lang='lat' dir='ltr'>(in</span> <span class='ocrx_word' id='word_1_303' title='bbox 863 4255 965 4306; x_wconf 81' lang='lat' dir='ltr'>qus</span> <span class='ocrx_word' id='word_1_304' title='bbox 1017 4242 1266 4305; x_wconf 82' lang='lat' dir='ltr'>ternplum</span> <span class='ocrx_word' id='word_1_305' title='bbox 1317 4240 1462 4293; x_wconf 72' lang='lat' dir='ltr'>Jovi-</span> <span class='ocrx_word' id='word_1_306' title='bbox 1608 4240 1633 4274; x_wconf 58' lang='grc' dir='ltr'><em>ἃ</em></span> <span class='ocrx_word' id='word_1_307' title='bbox 1666 4238 1944 4306; x_wconf 60' lang='lat' dir='ltr'>Hexapylo]</span> <span class='ocrx_word' id='word_1_308' title='bbox 1983 4240 2141 4289; x_wconf 77' lang='lat' dir='ltr'>Porta</span> <span class='ocrx_word' id='word_1_309' title='bbox 2162 4237 2261 4289; x_wconf 74' lang='lat' dir='ltr'>fuit</span> <span class='ocrx_word' id='word_1_310' title='bbox 2284 4238 2335 4288; x_wconf 87' lang='lat' dir='ltr'>lu</span> <span class='ocrx_word' id='word_1_311' title='bbox 2364 4252 2427 4288; x_wconf 79' lang='lat' dir='ltr'>es</span> <span class='ocrx_word' id='word_1_312' title='bbox 2452 4246 2602 4304; x_wconf 77' lang='lat' dir='ltr'>parte</span> 
     </span>
     <span class='ocr_line' id='line_1_37' title="bbox 403 4316 2152 4385; baseline -0.001 -18"><span class='ocrx_word' id='word_1_313' title='bbox 403 4316 680 4385; x_wconf 51' lang='lat' dir='ltr'>Olympii)</span> <span class='ocrx_word' id='word_1_314' title='bbox 709 4316 902 4383; x_wconf 74' lang='lat' dir='ltr'>Tycha,</span> <span class='ocrx_word' id='word_1_315' title='bbox 923 4322 978 4368; x_wconf 81' lang='lat' dir='ltr'>et</span> <span class='ocrx_word' id='word_1_316' title='bbox 1001 4318 1241 4383; x_wconf 80' lang='lat' dir='ltr'>Neapoli.</span> <span class='ocrx_word' id='word_1_317' title='bbox 1293 4316 1462 4368; x_wconf 87' lang='lat' dir='ltr'>Porro</span> <span class='ocrx_word' id='word_1_318' title='bbox 1541 4332 1658 4384; x_wconf 67' lang='lat' dir='ltr'>qun</span> <span class='ocrx_word' id='word_1_319' title='bbox 1687 4320 1841 4384; x_wconf 62' lang='lat' dir='ltr'>vnclis</span> <span class='ocrx_word' id='word_1_320' title='bbox 1862 4316 2152 4369; x_wconf 75' lang='lat' dir='ltr'>dicebatur.</span> 
     </span>
    </p>
   </div>
  </div>
 </body>
</html>
