3159 4934
591 436 768 505 2314

595 602 670 663 ut
697 596 1182 681 Syracusarum
1211 603 1597 662 ornamenta
1620 596 2065 681 mquaverint.
2130 595 2267 661 Sed
2298 594 2549 682 majore
2576 596 2821 662 animo‘

596 700 856 781 generis
885 700 1035 783 ejus
1064 699 1294 785 praeda
1323 698 1653 763 abstinuit
1683 698 1961 774 Fabius,
1989 718 2191 783 quam
2220 696 2628 779 Marcellus3
2676 701 2797 785 qui

595 801 1022 883 interroganti
1051 802 1313 877 scribae,
1331 801 1494 884 quid
1523 801 1669 865 fieri
1700 804 1905 883 signis
1928 802 2249 877 vellet,¹²⁰
2278 804 2591 883 (ingentis
2612 822 2802 884 mag-

599 904 916 969 nitudinis
961 904 1078 969 Dii
1105 912 1290 982 sunt,
1333 922 1462 968 sno
1493 904 1785 987 quisque
1816 904 2045 968 babitu
2088 905 2155 969 in
2206 903 2477 967 modum
2508 922 2801 987 pugnan-

595 1007 758 1071 tium
791 1003 1087 1089 formati)
1119 1007 1306 1071 Deos
1345 1005 1560 1071 iratos
1590 1005 1972 1069 Tarentinis
2007 1004 2293 1089 relinqui
2326 1006 2553 1091 jussit.
2644 1005 2799 1071 Mu-

595 1128 710 1173 rus
755 1107 936 1188 inde,
987 1108 1106 1192 qui
1151 1110 1382 1175 urbem
1412 1109 1500 1174 ab
1525 1127 1690 1183 arce
1720 1106 2099 1186 dirimebat,
2129 1107 2385 1173 dirutus
2414 1115 2521 1173 est
2550 1095 2633 1174 ac
2664 1110 2803 1175 dis·

587 1212 836 1296 jactus.
924 1210 1286 1275 Dum‘baec
1314 1210 1593 1275 Tarenti
1624 1217 1934 1293 aguntur,
1964 1212 2309 1277 Hannibal
2341 1212 2449 1290 iis,
2478 1214 2597 1295 qui
2618 1211 2802 1277 Cau-

598 1314 854 1379 loniam
898 1313 1323 1389 obsidebant,
1369 1312 1442 1377 iu
1484 1312 1889 1378 deditionem
1922 1314 2249 1397 acceptis,
2280 1314 2515 1379 audita
2542 1334 2803 1399 oppug-

597 1418 866 1487 natione
893 1416 1191 1492 Tarenti,
1221 1416 1372 1483 dies
1401 1426 1773 1501 noctesque
1802 1418 2053 1481 cursim
2098 1420 2357 1501 agmine
2402 1424 2578 1495 acto,
2624 1437 2802 1496 cum,

598 1518 923 1585 festinans
963 1518 1050 1583 ad
1095 1538 1296 1602 opem
1327 1518 1685 1597 ferendam,
1727 1524 1993 1605 captam
2028 1522 2255 1585 urbem
2285 1520 2626 1603 audisset3
2671 1526 2690 1559 ‘
2720 1521 2805 1587 Et

601 1619 944 1699 Romani,’
979 1620 1216 1704 inquit,
1251 1624 1270 1657 ⁶
1289 1640 1480 1686 sunm
1511 1620 1967 1685 Hannibalem
1998 1622 2273 1687 babent.
2362 1621 2640 1701 Eadem,
2667 1642 2805 1707 qua

601 1742 1021 1808 ceperamus,
1054 1732 1198 1788 arte
1226 1723 1589 1788 Tarentum
1620 1722 2015 1789 amisimus.'
2106 1724 2215 1789 Ne
2242 1732 2463 1790 tamen
2491 1726 2802 1809 fugientis

600 1826 801 1891 modo
823 1826 1238 1891 convertisse
1259 1844 1496 1907 agmen
1521 1826 1887 1903 videretur,
1914 1844 2047 1911 quo
2068 1828 2513 1893 constituerat
2530 1828 2763 1900 loco‚¹³
2776 1834 2807 1865 ⁹

605 1929 898 2011 quinque
937 1927 1148 1993 millia
1189 1926 1394 1993 ferme
1441 1928 1528 1993 ab
1575 1930 1739 2012 urbe
1790 1930 2019 2012 posuit
2062 1938 2309 1993 castra.
2398 1930 2505 1993 lbi
2537 1949 2803 2012 paucos

601 2038 898 2095 moratus
926 2029 1096 2107 dies,
1132 2028 1605 2114 Metapontum
1636 2048 1788 2095 sese
1816 2032 2088 2115 recepit.
2178 2030 2347 2097 Inde
2376 2030 2548 2097 duos
2578 2030 2807 2097 Meta-

1531 452 1602 500 T.
1650 452 1845 503 mvn

1519 2190 1887 2219 ΟΝΟΟΜΟΟΟ,

606 2310 741 2360 Edd.
777 2311 945 2373 antiq.
983 2324 1076 2374 pro
1113 2312 1552 2375 evaserint—12
1606 2311 1771 2361 Drak.
1796 2311 2225 2375 conjstscripsisse
2255 2312 2454 2369 Livium
2482 2311 2811 2373 immutante

602 2376 759 2424 scriba
781 2389 874 2437 pro
895 2375 1214 2436 interroganti
1233 2374 1421 2435 scriba,
1441 2382 1496 2425 et
1518 2376 1670 2437 prob.
1698 2377 1950 2439 Doering.
2016 2384 2031 2404 ‘
2052 2377 2135 2427 cf.
2176 2374 2322 2426 Cort.
2352 2376 2417 2426 ad
2450 2376 2658 2425 Sallust.
2679 2374 2806 2439 Jug-

605 2453 844 2507 uxxiv.
897 2440 1177 2490 Burmann.
1201 2438 1264 2489 sd
1283 2436 1440 2489 Ovld.
1462 2440 1596 2493 Met.
1618 2454 1744 2488 vur.
1766 2444 1880 2491 ⁷62.
1898 2450 1953 2489 et
1975 2441 2148 2504 plures
2170 2443 2317 2502 alios,
2338 2442 2425 2505 qui
2448 2456 2620 2491 aurem
2637 2440 2809 2490 ret-tis

607 2507 891 2567 scriptores
912 2520 942 2553 a
962 2503 1223 2553 locutione
1245 2502 1454 2566 ‘jubere
1480 2504 1633 2553 alicui
1654 2503 1667 2524 ⁹
1690 2505 1884 2553 alienos
1902 2506 2054 2568 plane
2078 2520 2190 2555 esse
2214 2504 2535 2557 docuerunt.’
2569 2506 2810 2567 During.

607 2572 626 2599 ⁸
647 2570 961 2633 Praepositio
983 2570 1058 2627 de,
1078 2584 1230 2631 quarn
1253 2575 1376 2617 ante
1395 2568 1553 2629 signis
1580 2570 1829 2618 exhibent
1854 2572 2081 2619 nonnulli
2108 2572 2254 2620 librr.
2276 2572 2402 2635 Mys.
2426 2580 2483 2619 et
2502 2572 2656 2620 editt.
2674 2576 2809 2625 vett.

610 2636 677 2684 ab
701 2636 783 2695 iis,
819 2635 902 2693 qni
927 2634 1059 2683 bunc
1097 2648 1242 2684 usum
1277 2633 1522 2699 loquendi
1557 2635 1879 2699 ignorarent,
1908 2635 2107 2685 intrusa
2139 2650 2257 2685 esse
2293 2636 2534 2685 videtui-‚⁹
2568 2636 2624 2685 D
2710 2634 2723 2647 ⁰
2790 2667 2809 2686 .

609 2700 626 2726 ‘
647 2700 780 2755 Quid
835 2700 908 2748 eri
928 2699 1080 2760 signis
1093 2699 1228 2749 uellet
1250 2698 1462 2761 ingentis
1477 2700 1822 2761 magnitudinis
1856 2700 1973 2763 (Dii
1990 2705 2105 2749 sunt
2132 2710 2235 2749 cet.
2283 2700 2636 2763 distinguebat
2656 2698 2812 2749 Ruel-

608 2764 730 2814 lius.
815 2764 973 2827 liquid
993 2766 1076 2812 liic
1098 2764 1440 2824 depravatum
1466 2768 1546 2813 vel
1563 2765 1809 2813 omissum
1829 2779 1963 2825 esse,
1978 2766 2373 2829 suspicabantur
2394 2768 2551 2816 crev.
2572 2775 2627 2814 et
2650 2762 2816 2814 Drak-
2878 2764 2893 2774 ’

609 2830 705 2879 Dii
727 2830 989 2893 (Deorum
1014 2826 1186 2893 signs)
1204 2834 1332 2887 sant,
1355 2843 1456 2879 non
1487 2834 1644 2886 erunt,
1666 2832 1785 2894 quia
1817 2831 2078 2879 exstitisse
2104 2830 2273 2881 adbuc
2299 2832 2431 2881 Livii
2456 2840 2613 2881 oetate
2633 2828 2814 2879 viden-

611 2902 712 2946 tur.
747 2886 1115 2955 nomm—rs
1152 2893 1291 2944 Olim
1334 2892 1611 2957 legebatur
1654 2896 1953 2946 constiterat.
1988 2902 2004 2926 ⁶
2028 2896 2321 2946 Comiter-ot
2356 2896 2424 2946 al.
2460 2908 2563 2945 non
2589 2894 2816 2959 improb.

1604 3024 1653 3073 N
1662 3024 1820 3075 01·AE

612 3122 780 3184 culus,
804 3119 960 3173 libris
997 3119 1263 3170 Francieis
1284 3120 1544 3184 argenteis
1566 3125 1671 3172 tre·
1749 3121 1867 3186 qa’il
1880 3124 2057 3173 maleit
2070 3139 2159 3187 que
2172 3122 2359 3183 tonsu
2376 3125 2461 3201 des
2478 3128 2677 3174 statam
2724 3120 2815 3174 Ita

615 3200 815 3248 centies
840 3196 1015 3246 tricies
1051 3196 1286 3246 centenis
1324 3196 1671 3261 septingentis
1750 3201 2011 3256 meliores,
2034 3200 2321 3261 elegantius
2342 3216 2495 3263 quem
2529 3215 2645 3251 cum
2669 3201 2811 3266 vulg.

613 3288 676 3324 ac
731 3272 916 3337 viginti
967 3270 1195 3321 millibus
1222 3287 1238 3321 ι
1303 3269 1673 3337 (sswooool.)
1751 3277 1864 3341 quid
1884 3275 2005 3341 fieri
2024 3277 2081 3325 de
2099 3276 2255 3337 signis
2274 3276 2427 3325 vellet.

611 3366 728 3419 quae
763 3364 962 3403 summa
1000 3357 1243 3413 suspects
1280 3359 1365 3400 est
1392 3350 1675 3400 Glareanu-

613 3430 786 3480 Quare
809 3428 882 3476 sic
899 3426 1256 3490 interpuugitz
1282 3426 1490 3488 Argenti
1509 3426 1585 3475 vis
1602 3425 1675 3473 irs-

611 3519 748 3567 geas,
761 3503 891 3564 sueti
909 3502 1182 3565 signatique
1197 3502 1306 3552 απ·
1322 3501 1675 3553 LXXXVII.

611 3584 785 3647 pondo,
817 3588 878 3630 ut
911 3580 1006 3629 hoc
1042 3594 1241 3637 sutram,
1283 3593 1385 3629 non
1423 3587 1589 3630 totum
1623 3580 1674 3628 in

615 3658 834 3722 pecunia
859 3666 1127 3705 numerata
1151 3654 1334 3719 fuerit,
1351 3654 1442 3707 sed
1467 3670 1565 3705 uon
1587 3654 1675 3705 mi·

616 3735 755 3782 nima
777 3747 841 3780 ex
875 3740 1025 3795 parte
1065 3734 1117 3780 in
1143 3732 1298 3788 vasis.
1325 3732 1546 3790 annulis,
1570 3739 1678 3781 tor-

616 3809 822 3874 quibus,
844 3808 1084 3873 omuique
1119 3808 1572 3859 instrumentorum
1596 3816 1677 3859 at·

616 3900 716 3951 qne
759 3892 1174 3933 ornamentorum
1230 3897 1440 3949 genere.
1528 3885 1671 3936 mut,

617 3962 846 4027 predam
876 3961 1208 4011 Tarentinam
1249 3962 1542 4013 universam
1583 3962 1677 4013 tri·

616 4042 716 4093 bus
761 4040 986 4089 millibus
1051 4040 1361 4091 talentorum
1407 4042 1671 4094 estimat:

617 4132 733 4181 quae
757 4130 860 4165 nou
885 4115 1018 4165 ultra
1041 4118 1340 4180 septuagies
1361 4125 1585 4168 centena
1618 4127 1674 4170 et

619 4194 849 4243 ducents
879 4192 1040 4242 millia
1069 4192 1311 4243 librarum
1333 4203 1677 4246 excurrerent

571 4334 586 4341 ·
619 4268 930 4335 (7200000).

685 4352 711 4379 ·
745 4345 877 4403 Quia
899 4346 1021 4411 fieri
1045 4347 1204 4409 sig-nis
1245 4348 1409 4413 venet]
1441 4349 1582 4401 Gall.
1606 4352 1679 4403 ce

1822 3359 1847 3385 ⁰
1880 3352 1988 3409 Quo
2018 3352 2332 3409 emetitur-ut
2350 3353 2475 3418 loco]
2509 3351 2687 3415 Vulgo
2720 3366 2813 3415 qus

1755 3430 2032 3479 comm
2070 3430 2202 3482 loeo.-
2234 3430 2325 3479 sed
2370 3431 2423 3479 in
2460 3430 2673 3493 optimis
2708 3434 2814 3493 est,

1755 3520 1843 3568 quo
1863 3505 2171 3555 constituerat
2192 3506 2293 3554 loco
2308 3520 2329 3563 ,-
2362 3504 2498 3569 qnod
2523 3504 2689 3553 Gron.
2726 3518 2816 3553 no·

1760 3588 1869 3633 tat:
1906 3582 1959 3632 id
1984 3591 2081 3639 est,
2103 3597 2165 3631 eo
2195 3583 2309 3632 loco
2346 3582 2429 3632 ubi
2454 3582 2565 3645 jam
2603 3596 2721 3631 suos
2745 3581 2815 3630 ad

1758 3658 2012 3709 modicam
2031 3660 2255 3724 quietem
2276 3665 2548 3709 statuerat.
2600 3657 2685 3707 Ita
2696 3656 2817 3707 Sal-

1758 3736 1882 3785 lust.
1910 3734 2026 3785 Bel.
2046 3734 2295 3797 Jugunh.
2327 3750 2374 3785 c.
2399 3737 2481 3783 49.
2498 3734 2713 3796 loquens
2744 3730 2817 3783 de

1760 3812 2007 3861 Metello:
2042 3813 2057 3838 ‘
2084 3810 2207 3860 dein
2251 3810 2395 3860 brevi
2430 3809 2651 3872 cognitis
2690 3808 2817 3860 insi-

1756 3888 1874 3946 diis,
1892 3888 2156 3953 paulisper
2189 3901 2375 3949 agmen
2396 3884 2699 3936 constituit!
2744 3886 2819 3939 Et

1758 3966 1953 4016 Noster
1967 3966 2059 4016 lib.
2078 3975 2159 4013 nt.
2178 3963 2265 4011 nbi
2293 3965 2310 3992 ⁴
2324 3976 2439 4012 cum
2458 3960 2820 4035 constituisset

1755 4042 2049 4094 Romanos)
2119 4040 2413 4090 Fatendum
2437 4050 2611 4090 tamen
2634 4048 2717 4090 est
2748 4040 2818 4090 ab

1754 4122 1851 4171 bac
1864 4123 1979 4184 ipsa
2000 4119 2259 4175 sententia
2278 4131 2377 4167 non
2395 4118 2539 4167 abire
2556 4118 2819 4181 vulgarem

1758 4197 2061 4247 lectionem:
2120 4194 2257 4243 idem
2308 4194 2443 4243 enim
2486 4206 2677 4243 revera
2716 4200 2820 4258 est,

1752 4274 1929 4338 aliquo
1952 4273 2067 4321 loco
2094 4284 2211 4321 cum
2246 4270 2485 4320 exercitu
2516 4270 2823 4334 consistere,

1756 4358 1813 4403 et
1830 4349 2003 4413 aliquo
2024 4348 2141 4399 loeo
2156 4347 2443 4399 exercitum
2464 4348 2801 4399 constituere.
