3159 4934
552 385 725 452 1888
1486 397 1556 446 τ.
1604 395 1792 447 mvn

552 563 727 628 suit:
774 560 968 638 alios,
1014 577 1155 643 prae
1201 577 1274 622 se
1318 563 1539 622 actam
1589 557 1889 641 praedam
1937 574 2027 618 ex
2079 557 2252 637 agris
2297 561 2733 636 ostentantes,

554 662 945 745 obequitare
977 661 1184 743 portis
1207 659 1435 744 jussit.
1482 657 1563 722 Iu
1597 677 1794 742 quoii,
1825 658 1986 740 quia
2013 677 2134 723 nec
2164 658 2352 722 multi
2386 665 2452 722 et
2481 660 2733 724 incom-

549 762 753 846 positi
789 761 1209 836 videbantur,
1242 779 1393 824 cum
1417 767 1635 824 turma
1656 760 1952 842 equitum
1984 759 2342 842 erupisset,
2375 761 2460 834 ab
2491 761 2734 824 ceden-

548 865 734 927 tibus
788 863 1093 927 cousulto
1152 869 1367 927 tracta
1424 861 1491 925 in
1552 860 1853 937 insidias,
1901 862 2346 925 circumventa
2397 869 2548 925 est:
2609 881 2733 926 nec

549 965 875 1029 evasisset
904 963 1278 1047 quisquam,
1310 963 1379 1027 ui
1400 970 1422 1010 ⁵
1474 981 1655 1025 mare
1677 963 2122 1044 propinquum
2161 969 2231 1024 et
2273 961 2450 1024 haud
2473 961 2730 1044 ‚procul

548 1065 769 1130 littore
800 1085 1033 1138 naveS,
1052 1064 1433 1147 piscatoriae
1464 1064 1826 1146 pleraeque,
1857 1069 2240 1146 conspectae
2273 1063 2504 1146 peritis
2527 1062 2731 1126 nandi

548 1165 897 1230 dedissent
931 1165 1263 1246 effugium.
1350 1164 1638 1247 Aliquot
1685 1171 1900 1228 tamen
1947 1183 2029 1228 eo
2060 1164 2295 1247 praelio
2327 1163 2585 1227 nobiles
2620 1165 2732 1246 ju-

548 1257 755 1330 venes
787 1266 966 1348 capti
998 1266 1293 1348 caesique
1309 1275 1464 1328 sunt
1488 1284 1505 1329 z
1526 1262 1555 1303 ⁶
1583 1264 1750 1328 inter
1781 1283 1950 1348 quos
1973 1272 2043 1328 et
2071 1265 2346 1347 Hegeas
2377 1264 2730 1347 praefectus

547 1367 873 1448 equitum,
922 1366 1474 1446 intemperantius
1527 1363 1841 1428 cedentes
1889 1372 2186 1441 secutus,
2234 1365 2528 1428 cecidit.⁷
2617 1363 2728 1426 Ab

547 1469 710 1530 urbe
738 1465 1187 1551 oppugnanda
1232 1465 1520 1530 Poenum
1562 1465 2020 1530 absterruere⁸
2059 1473 2419 1549 conspecta
2461 1465 2726 1541 moenia‚

543 1569 1057 1651 haudquaquam
1084 1573 1345 1650 promta
1376 1566 1838 1650 oppugnanti!

628 1671 694 1734 2.
742 1669 775 1732 1
780 1669 910 1732 nde
944 1667 1248 1750 Capuam
1274 1667 1487 1730 flectit
1512 1669 1661 1743 iter,
1711 1667 2156 1731 luxuriantem
2185 1668 2380 1749 longa
2407 1668 2726 1732 felicitate

544 1777 744 1855 atque
797 1769 1202 1848 indulgentia
1246 1768 1558 1862 fortunae,
1595 1770 1889 1831 maxime
1931 1775 2177 1844 tamen,
2213 1771 2382 1832 inter
2417 1776 2727 1851 corrupta

544 1874 791 1948 omnia,
837 1870 1113 1934 licentia
1156 1871 1399 1953 plebis,
1449 1870 1595 1935 sine
1645 1868 1848 1932 modo
1895 1869 2273 1932 libertatem
2334 1871 2726 1934 exercentis.

542 1972 851 2036 Senatum
882 1979 951 2036 et
979 1971 1113 2034 sibi
1153 1977 1219 2034 et
1248 1971 1431 2053 plebi
1476 1970 1840 2034 obnoxium
1873 1969 2258 2034 Pacuvius⁹
2287 1969 2601 2034 Calavius
2633 1970 2728 2033 fe-

542 2078 763 2152 cerat;
808 2071 1049 2136 nobilis
1078 2070 1253 2134 idem
1279 2089 1361 2135 ac
1390 2071 1740 2154 popularis
1784 2072 2008 2147 homo,
2035 2076 2322 2135 ceterum
2357 2071 2548 2134 malis
2575 2073 2728 2135 arti-

540 2173 668 2236 bus
718 2180 1004 2237 uauctus
1025 2178 1077 2209 ¹⁰
1124 2191 1317 2255 opes.
1406 2171 1481 2236 Is
1521 2191 1677 2235 cum
1719 2191 1800 2236 eo
1827 2173 1992 2236 sorte
2022 2191 2216 2249 auno,
2243 2192 2381 2255 quo
2409 2191 2516 2236 res
2549 2173 2724 2236 male

502 2329 518 2340 .
539 2279 724 2354 gesta
753 2271 839 2336 ad
882 2271 1339 2334 Trasimenum
1373 2277 1500 2349 est,
1530 2273 1596 2335 iu
1641 2291 1904 2336 summo
1935 2274 2313 2352 magistratu
2339 2280 2540 2352 esset,
2577 2274 2726 2356 jam

541 2372 658 2436 diu
678 2371 985 2436 infestam
1015 2372 1274 2435 senatui
1304 2373 1559 2456 plebem
1593 2381 1797 2451 ratus,
1823 2392 1947 2456 per
1977 2372 2401 2438 occasionem
2430 2375 2723 2439 novandi

536 2493 669 2551 res,
700 2491 1011 2554 magnum
1056 2491 1365 2536 ausuram
1411 2473 1693 2553 facinus,
1725 2482 1824 2551 ut,
1857 2476 1917 2539 si
1961 2475 2027 2538 in
2067 2493 2150 2538 ea
2191 2475 2344 2540 loca
2375 2476 2724 2540 Hannibal

538 2593 688 2638 cum
731 2574 987 2636 victore
1040 2573 1338 2638 exercitu
1394 2575 1708 2652 venisset,
1755 2576 2094 2640 trucidato
2142 2583 2374 2641 senatu
2433 2577 2724 2642 traderet

538 2672 842 2757 Capuam
900 2673 1171 2754 Poeuis3
1238 2675 1586 2757 improbus
1638 2676 1863 2754 homo,
1913 2676 2037 2739 sed
2076 2695 2202 2740 non
2232 2677 2317 2741 ad
2352 2685 2720 2742 extremum

537 2775 859 2858 perditus,
904 2795 1057 2839 cum
1107 2773 1343 2839 mallet
1394 2775 1735 2850 incolumi,
1779 2795 1980 2860 quam
2032 2796 2288 2855 eversa,
2333 2797 2402 2841 re
2445 2780 2722 2860 publica

539 2875 883 2952 dominari,
929 2875 1176 2940 nullam
1210 2882 1431 2939 autem
1476 2877 1879 2941 incolumem
1923 2897 2076 2943 esse
2117 2879 2414 2943 orbatam
2448 2882 2719 2962 publico

540 2976 818 3040 consilio
866 2977 1180 3052 crederet,
1211 2976 1527 3041 rationem
1572 2977 1744 3054 iniit,
1778 2996 1914 3062 qua
1957 2987 2027 3043 et
2070 2989 2364 3045 senatum
2411 2993 2720 3061 servaret,

538 3086 609 3142 et
639 3078 1005 3141 obnoxium
1047 3077 1175 3140 'sibi
1223 3097 1324 3141 ac·
1351 3078 1528 3161 plebi
1572 3077 1851 3143 faceret.
1941 3079 2214 3146 Vocato
2253 3090 2504 3160 senatu,
2537 3104 2714 3162 cum,

538 3179 706 3243 ‘sibi
754 3179 1151 3243 defectionis
1197 3179 1285 3243 ab
1344 3179 1666 3244 Romanis
1711 3182 2057 3247 consilium
2102 3184 2500 3267 placiturum
2529 3183 2716 3249 nullo

600 3343 623 3378 ὅ
660 3345 781 3402 Quae
801 3359 891 3394 aon
915 3345 987 3393 ica
1005 3342 1158 3404 facile
1178 3344 1441 3408 oppugnari
1456 3349 1694 3408 poterunt.

1446 3475 1479 3497 O

532 3574 638 3618 vet.
662 3567 749 3616 lib.
774 3566 912 3630 apud
937 3567 1110 3622 Sinon.
1142 3569 1417 3632 potuim—6
1456 3569 1539 3620 ΑΙ.
1585 3572 1797 3624 eicie-6
1831 3573 1971 3624 Olim
2007 3575 2296 3638 legebatur,
2329 3575 2502 3625 nobiles
2523 3575 2720 3635 juvenes

532 3633 644 3682 omi
666 3635 889 3681 unte—⁷
926 3631 1062 3680 Inter
1082 3647 1196 3695 quoe
1210 3639 1258 3681 et
1284 3633 1481 3695 Hegeas
1492 3637 1764 3698 prefectus,
1785 3641 1868 3701 ξε.
1886 3639 2138 3701 ,Λσςίεπίεε
2152 3645 2343 3689 recales
2367 3641 2556 3688 cecidit.
2599 3641 2716 3688 Vox

533 3697 715 3746 ultima
735 3695 869 3744 baud
894 3695 1050 3744 dubie
1074 3698 1215 3745 venit
1234 3695 1300 3745 ab
1323 3712 1406 3760 eo,
1426 3701 1513 3762 qui
1536 3701 1734 3751 Livium
1753 3702 2022 3765 ignoravit.
2089 3704 2244 3752 Certe
2263 3717 2359 3764 ego
2383 3717 2477 3765 pro
2499 3705 2716 3752 Liviana

536 3761 837 3810 nuliatenus
859 3761 1149 3809 admittam.
1218 3759 1368 3810 Infra
1402 3778 1519 3826 cap.
1554 3768 1636 3814 3⁸.
1674 3773 1687 3794 ⁸
1709 3767 1770 3816 Iu
1807 3767 1942 3816 haue
1961 3767 2340 3816 dimicationem
2363 3781 2540 3816 omues
2565 3781 2715 3830 reges

536 3834 824 3888 gentesque
848 3824 1043 3872 animos
1078 3825 1411 3874 intenderant
1435 3844 1447 3876 ε
1483 3830 1626 3878 inter
1642 3844 1767 3892 quoe
1790 3831 2062 3895 Philippus
2085 3831 2426 3880 Macedonum
2451 3831 2579 3880 rex)
2645 3833 2718 3884 Et

532 3889 606 3939 ita
627 3886 855 3952 passim!
886 3887 995 3936 Jac.
1018 3887 1325 3937 Granum-8
1358 3891 1650 3942 Abstinere
1671 3894 1806 3943 Edd.
1832 3897 2064 3960 plerique
2087 3902 2210 3944 ente
2233 3895 2456 3944 Gronov.

595 3957 629 4002 9
662 3950 962 4016 Legenda-n
988 3959 1137 4016 putat
1159 3952 1337 4018 Sigon.
1356 3954 1599 4006 Pacuuiu-
1659 3957 1724 4019 In
1749 3966 1876 4009 vett.
1893 3959 2017 4010 libb.
2036 3965 2116 4010 est
2139 3959 2496 4012 Pactum—1⁰
2530 3959 2720 4011 Nactae

1512 4084 1726 4135 NOTAE

530 4175 632 4226 tuit
668 4176 993 4239 Mopsiorum:
1028 4175 1301 4226 Cluverius
1334 4178 1581 4228 Statiano·
1666 4179 1738 4230 tio
1761 4187 1894 4230 erat.

529 4264 632 4300 rm
652 4250 776 4314 legit
798 4267 814 4312 3
848 4250 938 4301 sed
962 4249 1073 4301 bec
1096 4253 1111 4301 i
1116 4253 1259 4316 psius
1279 4254 1450 4303 Trebii
1472 4253 1579 4304 fac·
