<?xml version="1.0" encoding="UTF-8"?>
<!DOCTYPE html PUBLIC "-//W3C//DTD XHTML 1.0 Transitional//EN"
    "http://www.w3.org/TR/xhtml1/DTD/xhtml1-transitional.dtd">
<html xmlns="http://www.w3.org/1999/xhtml" xml:lang="en" lang="en">
 <head>
  <title>
</title>
<meta http-equiv="Content-Type" content="text/html;charset=utf-8" />
  <meta name='ocr-system' content='tesseract 3.04.00' />
  <meta name='ocr-capabilities' content='ocr_page ocr_carea ocr_par ocr_line ocrx_word'/>
</head>
<body>
  <div class='ocr_page' id='page_1' title='image "./tliviipatavinih28unkngoog_0187.png"; bbox 0 0 3159 4934; ppageno 0'>
   <div class='ocr_carea' id='block_1_1' title="bbox 1086 446 2555 513">
    <p class='ocr_par' dir='ltr' id='par_1_1' title="bbox 1086 446 2555 513">
     <span class='ocr_line' id='line_1_1' title="bbox 1086 446 2555 513; baseline 0 0"><span class='ocrx_word' id='word_1_1' title='bbox 1086 464 1228 513; x_wconf 77' lang='lat' dir='ltr'><strong>mn.</strong></span> <span class='ocrx_word' id='word_1_2' title='bbox 1275 464 1506 513; x_wconf 78' lang='lat' dir='ltr'><strong>xxrv.</strong></span> <span class='ocrx_word' id='word_1_3' title='bbox 1550 463 1717 513; x_wconf 75' lang='lat' dir='ltr'><strong>oAr.</strong></span> <span class='ocrx_word' id='word_1_4' title='bbox 1760 446 1867 511; x_wconf 79' lang='lat'><strong>41.</strong></span> <span class='ocrx_word' id='word_1_5' title='bbox 2382 450 2555 513; x_wconf 82' lang='lat'>2059</span> 
     </span>
    </p>
   </div>
   <div class='ocr_carea' id='block_1_2' title="bbox 369 608 2579 3013">
    <p class='ocr_par' dir='ltr' id='par_1_2' title="bbox 369 608 2551 894">
     <span class='ocr_line' id='line_1_2' title="bbox 370 608 2551 692; baseline -0 -17"><span class='ocrx_word' id='word_1_6' title='bbox 370 610 516 676; x_wconf 84' lang='lat' dir='ltr'><strong>sis⁷</strong></span> <span class='ocrx_word' id='word_1_7' title='bbox 575 608 878 687; x_wconf 82' lang='lat' dir='ltr'><strong>navibus,</strong></span> <span class='ocrx_word' id='word_1_8' title='bbox 933 612 1106 673; x_wconf 83' lang='lat' dir='ltr'><strong>terra</strong></span> <span class='ocrx_word' id='word_1_9' title='bbox 1165 608 1631 674; x_wconf 82' lang='lat' dir='ltr'><strong>Macedoniam</strong></span> <span class='ocrx_word' id='word_1_10' title='bbox 1679 608 1885 691; x_wconf 86' lang='lat' dir='ltr'><strong>petiit,</strong></span> <span class='ocrx_word' id='word_1_11' title='bbox 1937 624 2181 689; x_wconf 84' lang='lat' dir='ltr'><strong>magna</strong></span> <span class='ocrx_word' id='word_1_12' title='bbox 2224 626 2312 671; x_wconf 85' lang='lat' dir='ltr'><strong>ex</strong></span> <span class='ocrx_word' id='word_1_13' title='bbox 2363 618 2551 692; x_wconf 84' lang='lat' dir='ltr'><strong>parte</strong></span> 
     </span>
     <span class='ocr_line' id='line_1_3' title="bbox 369 706 2551 794; baseline -0.001 -17"><span class='ocrx_word' id='word_1_14' title='bbox 369 711 599 777; x_wconf 86' lang='lat' dir='ltr'><strong>inermi</strong></span> <span class='ocrx_word' id='word_1_15' title='bbox 627 710 922 775; x_wconf 86' lang='lat' dir='ltr'><strong>exercitu</strong></span> <span class='ocrx_word' id='word_1_16' title='bbox 953 710 1402 794; x_wconf 87' lang='lat' dir='ltr'><strong>spoliatoque.</strong></span> <span class='ocrx_word' id='word_1_17' title='bbox 1491 710 1801 775; x_wconf 87' lang='lat' dir='ltr'><strong>Romana</strong></span> <span class='ocrx_word' id='word_1_18' title='bbox 1828 708 2067 773; x_wconf 89' lang='lat' dir='ltr'><strong>classis</strong></span> <span class='ocrx_word' id='word_1_19' title='bbox 2097 727 2247 774; x_wconf 90' lang='lat' dir='ltr'><strong>cum</strong></span> <span class='ocrx_word' id='word_1_20' title='bbox 2282 708 2379 773; x_wconf 85' lang='lat' dir='ltr'><strong>M.</strong></span> <span class='ocrx_word' id='word_1_21' title='bbox 2409 706 2551 774; x_wconf 88' lang='lat' dir='ltr'><strong>Va-</strong></span> 
     </span>
     <span class='ocr_line' id='line_1_4' title="bbox 371 811 2195 894; baseline 0.002 -19"><span class='ocrx_word' id='word_1_22' title='bbox 371 812 536 877; x_wconf 87' lang='lat' dir='ltr'><strong>lerio</strong></span> <span class='ocrx_word' id='word_1_23' title='bbox 567 811 751 877; x_wconf 85' lang='lat' dir='ltr'><strong>Orici</strong></span> <span class='ocrx_word' id='word_1_24' title='bbox 782 812 1202 894; x_wconf 84' lang='lat' dir='ltr'><strong>hybernavit.</strong></span> <span class='ocrx_word' id='word_1_25' title='bbox 2190 832 2195 837; x_wconf 86' lang='lat'><em>·</em></span> 
     </span>
    </p>

    <p class='ocr_par' dir='ltr' id='par_1_3' title="bbox 370 912 2579 3013">
     <span class='ocr_line' id='line_1_5' title="bbox 454 912 2552 997; baseline 0.001 -21"><span class='ocrx_word' id='word_1_26' title='bbox 454 914 567 976; x_wconf 75' lang='lat'><strong>41.</strong></span> <span class='ocrx_word' id='word_1_27' title='bbox 609 912 868 977; x_wconf 85' lang='lat' dir='ltr'><strong>Eodem</strong></span> <span class='ocrx_word' id='word_1_28' title='bbox 928 934 1100 979; x_wconf 90' lang='lat' dir='ltr'><strong>anno</strong></span> <span class='ocrx_word' id='word_1_29' title='bbox 1143 915 1211 977; x_wconf 88' lang='lat' dir='ltr'><strong>in</strong></span> <span class='ocrx_word' id='word_1_30' title='bbox 1264 914 1608 997; x_wconf 81' lang='lat' dir='ltr'><strong>Hispania</strong></span> <span class='ocrx_word' id='word_1_31' title='bbox 1644 914 1849 979; x_wconf 73' lang='lat' dir='ltr'><strong>‘varie</strong></span> <span class='ocrx_word' id='word_1_32' title='bbox 1900 932 2005 977; x_wconf 90' lang='lat' dir='ltr'><strong>res</strong></span> <span class='ocrx_word' id='word_1_33' title='bbox 2051 920 2282 996; x_wconf 57' lang='lat' dir='ltr'><strong>gestae.</strong></span> <span class='ocrx_word' id='word_1_34' title='bbox 2371 912 2552 979; x_wconf 89' lang='lat' dir='ltr'><strong>Nam</strong></span> 
     </span>
     <span class='ocr_line' id='line_1_6' title="bbox 372 1014 2554 1099; baseline 0.001 -22"><span class='ocrx_word' id='word_1_35' title='bbox 372 1014 583 1098; x_wconf 85' lang='lat' dir='ltr'><strong>prius,</strong></span> <span class='ocrx_word' id='word_1_36' title='bbox 613 1034 818 1098; x_wconf 89' lang='lat' dir='ltr'><strong>quam</strong></span> <span class='ocrx_word' id='word_1_37' title='bbox 871 1014 1160 1080; x_wconf 85' lang='lat' dir='ltr'><strong>Romani</strong></span> <span class='ocrx_word' id='word_1_38' title='bbox 1214 1034 1469 1080; x_wconf 86' lang='lat' dir='ltr'><strong>amnem</strong></span> <span class='ocrx_word' id='word_1_39' title='bbox 1521 1016 1787 1080; x_wconf 87' lang='lat' dir='ltr'><strong>Iberum</strong></span> <span class='ocrx_word' id='word_1_40' title='bbox 1838 1016 2209 1092; x_wconf 79' lang='lat' dir='ltr'><strong>transirent,</strong></span> <span class='ocrx_word' id='word_1_41' title='bbox 2254 1016 2554 1099; x_wconf 81' lang='lat' dir='ltr'><strong>ingentes</strong></span> 
     </span>
     <span class='ocr_line' id='line_1_7' title="bbox 370 1116 2557 1199; baseline 0.001 -19"><span class='ocrx_word' id='word_1_42' title='bbox 370 1117 606 1199; x_wconf 89' lang='lat' dir='ltr'><strong>copias</strong></span> <span class='ocrx_word' id='word_1_43' title='bbox 639 1116 1105 1198; x_wconf 79' lang='lat' dir='ltr'><strong>Hispanorum</strong></span> <span class='ocrx_word' id='word_1_44' title='bbox 1145 1116 1354 1199; x_wconf 85' lang='lat' dir='ltr'><strong>Mago</strong></span> <span class='ocrx_word' id='word_1_45' title='bbox 1399 1126 1466 1183; x_wconf 86' lang='lat' dir='ltr'><strong>et</strong></span> <span class='ocrx_word' id='word_1_46' title='bbox 1511 1117 1905 1181; x_wconf 78' lang='lat' dir='ltr'><strong>Hasdrubal</strong></span> <span class='ocrx_word' id='word_1_47' title='bbox 1938 1117 2265 1180; x_wconf 87' lang='lat' dir='ltr'><strong>fuderunt.</strong></span> <span class='ocrx_word' id='word_1_48' title='bbox 2356 1116 2557 1182; x_wconf 82' lang='lat' dir='ltr'><strong>Dese-</strong></span> 
     </span>
     <span class='ocr_line' id='line_1_8' title="bbox 370 1214 2557 1302; baseline -0 -22"><span class='ocrx_word' id='word_1_49' title='bbox 370 1214 711 1301; x_wconf 87' lang='lat' dir='ltr'><strong>cissetque</strong></span> <span class='ocrx_word' id='word_1_50' title='bbox 762 1220 849 1281; x_wconf 91' lang='lat' dir='ltr'><strong>ab</strong></span> <span class='ocrx_word' id='word_1_51' title='bbox 901 1218 1226 1281; x_wconf 87' lang='lat' dir='ltr'><strong>Romanis</strong></span> <span class='ocrx_word' id='word_1_52' title='bbox 1255 1218 1527 1282; x_wconf 82' lang='lat' dir='ltr'><strong>ulterior</strong></span> <span class='ocrx_word' id='word_1_53' title='bbox 1575 1216 1933 1302; x_wconf 78' lang='lat' dir='ltr'><strong>Hispania,</strong></span> <span class='ocrx_word' id='word_1_54' title='bbox 1964 1220 2030 1282; x_wconf 91' lang='lat' dir='ltr'><strong>ni</strong></span> <span class='ocrx_word' id='word_1_55' title='bbox 2069 1218 2153 1281; x_wconf 92' lang='lat' dir='ltr'><strong>P.</strong></span> <span class='ocrx_word' id='word_1_56' title='bbox 2187 1216 2557 1294; x_wconf 88' lang='lat' dir='ltr'><strong>Cornelius,</strong></span> 
     </span>
     <span class='ocr_line' id='line_1_9' title="bbox 371 1318 2559 1400; baseline 0 -19"><span class='ocrx_word' id='word_1_57' title='bbox 371 1322 612 1400; x_wconf 86' lang='lat' dir='ltr'><strong>raptim</strong></span> <span class='ocrx_word' id='word_1_58' title='bbox 662 1318 970 1384; x_wconf 88' lang='lat' dir='ltr'><strong>traducto</strong></span> <span class='ocrx_word' id='word_1_59' title='bbox 1023 1322 1324 1385; x_wconf 88' lang='lat' dir='ltr'><strong>exercitu</strong></span> <span class='ocrx_word' id='word_1_60' title='bbox 1373 1319 1667 1399; x_wconf 87' lang='lat' dir='ltr'><strong>Iberum,</strong></span> <span class='ocrx_word' id='word_1_61' title='bbox 1697 1319 1923 1386; x_wconf 89' lang='lat' dir='ltr'><strong>dubiis</strong></span> <span class='ocrx_word' id='word_1_62' title='bbox 1954 1321 2283 1384; x_wconf 86' lang='lat' dir='ltr'><strong>sociorum</strong></span> <span class='ocrx_word' id='word_1_63' title='bbox 2317 1320 2559 1383; x_wconf 88' lang='lat' dir='ltr'><strong>animis</strong></span> 
     </span>
     <span class='ocr_line' id='line_1_10' title="bbox 371 1418 2561 1504; baseline 0.002 -23"><span class='ocrx_word' id='word_1_64' title='bbox 371 1418 443 1482; x_wconf 90' lang='lat' dir='ltr'><strong>in</strong></span> <span class='ocrx_word' id='word_1_65' title='bbox 473 1424 762 1503; x_wconf 89' lang='lat' dir='ltr'><strong>tempore</strong></span> <span class='ocrx_word' id='word_1_66' title='bbox 793 1419 1196 1485; x_wconf 87' lang='lat' dir='ltr'><strong>advenisset.</strong></span> <span class='ocrx_word' id='word_1_67' title='bbox 1283 1420 1512 1486; x_wconf 91' lang='lat' dir='ltr'><strong>Primo</strong></span> <span class='ocrx_word' id='word_1_68' title='bbox 1543 1422 1629 1485; x_wconf 90' lang='lat' dir='ltr'><strong>ad</strong></span> <span class='ocrx_word' id='word_1_69' title='bbox 1660 1427 1949 1486; x_wconf 85' lang='lat' dir='ltr'><strong>castrum</strong></span> <span class='ocrx_word' id='word_1_70' title='bbox 1982 1418 2215 1484; x_wconf 88' lang='lat' dir='ltr'><strong>Altum</strong></span> <span class='ocrx_word' id='word_1_71' title='bbox 2237 1427 2303 1464; x_wconf 73' lang='lat'><strong>⁸⁶</strong></span> <span class='ocrx_word' id='word_1_72' title='bbox 2328 1419 2561 1504; x_wconf 90' lang='lat' dir='ltr'><strong>(locus</strong></span> 
     </span>
     <span class='ocr_line' id='line_1_11' title="bbox 374 1520 2561 1603; baseline -0 -19"><span class='ocrx_word' id='word_1_73' title='bbox 374 1527 483 1584; x_wconf 83' lang='lat' dir='ltr'><strong>est</strong></span> <span class='ocrx_word' id='word_1_74' title='bbox 525 1520 800 1601; x_wconf 81' lang='lat' dir='ltr'><strong>insignis</strong></span> <span class='ocrx_word' id='word_1_75' title='bbox 853 1520 1040 1585; x_wconf 76' lang='lat' dir='ltr'><strong>caede</strong></span> <span class='ocrx_word' id='word_1_76' title='bbox 1091 1523 1314 1603; x_wconf 87' lang='lat' dir='ltr'><strong>magni</strong></span> <span class='ocrx_word' id='word_1_77' title='bbox 1363 1521 1811 1603; x_wconf 79' lang='lat' dir='ltr'><strong>Hamilcaris)</strong></span> <span class='ocrx_word' id='word_1_78' title='bbox 1853 1529 2073 1585; x_wconf 86' lang='lat' dir='ltr'><strong>castra</strong></span> <span class='ocrx_word' id='word_1_79' title='bbox 2114 1521 2403 1585; x_wconf 82' lang='lat' dir='ltr'><strong>Romani</strong></span> <span class='ocrx_word' id='word_1_80' title='bbox 2448 1521 2561 1583; x_wconf 85' lang='lat' dir='ltr'><strong>ha-</strong></span> 
     </span>
     <span class='ocr_line' id='line_1_12' title="bbox 373 1618 2579 1698; baseline -0.001 -13"><span class='ocrx_word' id='word_1_81' title='bbox 373 1622 593 1687; x_wconf 84' lang='lat' dir='ltr'><strong>buere.</strong></span> <span class='ocrx_word' id='word_1_82' title='bbox 680 1618 828 1685; x_wconf 82' lang='lat' dir='ltr'><strong>Arx</strong></span> <span class='ocrx_word' id='word_1_83' title='bbox 860 1629 1006 1685; x_wconf 85' lang='lat' dir='ltr'><strong>erat</strong></span> <span class='ocrx_word' id='word_1_84' title='bbox 1031 1624 1303 1698; x_wconf 88' lang='lat' dir='ltr'><strong>munita,</strong></span> <span class='ocrx_word' id='word_1_85' title='bbox 1330 1628 1400 1685; x_wconf 89' lang='lat' dir='ltr'><strong>et</strong></span> <span class='ocrx_word' id='word_1_86' title='bbox 1447 1631 1912 1686; x_wconf 83' lang='lat' dir='ltr'><strong>convexerant</strong></span> <span class='ocrx_word' id='word_1_87' title='bbox 1957 1626 2112 1685; x_wconf 87' lang='lat' dir='ltr'><strong>ante</strong></span> <span class='ocrx_word' id='word_1_88' title='bbox 2138 1620 2579 1685; x_wconf 54' lang='lat' dir='ltr'><strong>frumentum:</strong></span> 
     </span>
     <span class='ocr_line' id='line_1_13' title="bbox 375 1720 2564 1805; baseline -0 -20"><span class='ocrx_word' id='word_1_89' title='bbox 375 1722 660 1799; x_wconf 87' lang='lat' dir='ltr'><strong>Tamen,</strong></span> <span class='ocrx_word' id='word_1_90' title='bbox 693 1723 855 1805; x_wconf 89' lang='lat' dir='ltr'><strong>quia</strong></span> <span class='ocrx_word' id='word_1_91' title='bbox 885 1724 1104 1786; x_wconf 89' lang='lat' dir='ltr'><strong>omnia</strong></span> <span class='ocrx_word' id='word_1_92' title='bbox 1149 1723 1334 1786; x_wconf 87' lang='lat' dir='ltr'><strong>circa</strong></span> <span class='ocrx_word' id='word_1_93' title='bbox 1375 1720 1665 1786; x_wconf 89' lang='lat' dir='ltr'><strong>hostium</strong></span> <span class='ocrx_word' id='word_1_94' title='bbox 1716 1722 1915 1804; x_wconf 88' lang='lat' dir='ltr'><strong>plena</strong></span> <span class='ocrx_word' id='word_1_95' title='bbox 1961 1726 2168 1798; x_wconf 84' lang='lat' dir='ltr'><strong>erant,</strong></span> <span class='ocrx_word' id='word_1_96' title='bbox 2199 1739 2564 1804; x_wconf 79' lang='lat' dir='ltr'><strong>agmenque</strong></span> 
     </span>
     <span class='ocr_line' id='line_1_14' title="bbox 378 1820 2563 1907; baseline -0.001 -20"><span class='ocrx_word' id='word_1_97' title='bbox 378 1820 758 1888; x_wconf 87' lang='lat' dir='ltr'><strong>Romanum</strong></span> <span class='ocrx_word' id='word_1_98' title='bbox 789 1824 1060 1907; x_wconf 89' lang='lat' dir='ltr'><strong>impune</strong></span> <span class='ocrx_word' id='word_1_99' title='bbox 1105 1826 1560 1888; x_wconf 86' lang='lat' dir='ltr'><strong>incursatum⁹</strong></span> <span class='ocrx_word' id='word_1_100' title='bbox 1600 1824 1686 1887; x_wconf 89' lang='lat' dir='ltr'><strong>ab</strong></span> <span class='ocrx_word' id='word_1_101' title='bbox 1724 1822 2067 1905; x_wconf 87' lang='lat' dir='ltr'><strong>equitibus</strong></span> <span class='ocrx_word' id='word_1_102' title='bbox 2095 1821 2388 1886; x_wconf 89' lang='lat' dir='ltr'><strong>hostium</strong></span> <span class='ocrx_word' id='word_1_103' title='bbox 2417 1822 2563 1885; x_wconf 80' lang='lat' dir='ltr'><strong>sue-</strong></span> 
     </span>
     <span class='ocr_line' id='line_1_15' title="bbox 377 1924 2567 2007; baseline -0 -20"><span class='ocrx_word' id='word_1_104' title='bbox 377 1928 499 1995; x_wconf 87' lang='lat' dir='ltr'><strong>rat,</strong></span> <span class='ocrx_word' id='word_1_105' title='bbox 551 1934 618 1989; x_wconf 88' lang='lat' dir='ltr'><strong>et</strong></span> <span class='ocrx_word' id='word_1_106' title='bbox 663 1924 752 1989; x_wconf 87' lang='lat' dir='ltr'><strong>ad</strong></span> <span class='ocrx_word' id='word_1_107' title='bbox 802 1925 937 1990; x_wconf 90' lang='lat' dir='ltr'><strong>duo</strong></span> <span class='ocrx_word' id='word_1_108' title='bbox 991 1926 1221 2001; x_wconf 87' lang='lat' dir='ltr'><strong>millia,</strong></span> <span class='ocrx_word' id='word_1_109' title='bbox 1268 1932 1388 1988; x_wconf 90' lang='lat' dir='ltr'><strong>aut</strong></span> <span class='ocrx_word' id='word_1_110' title='bbox 1439 1931 1846 1989; x_wconf 87' lang='lat' dir='ltr'><strong>moratorum</strong></span> <span class='ocrx_word' id='word_1_111' title='bbox 1880 1933 2002 1988; x_wconf 89' lang='lat' dir='ltr'><strong>aut</strong></span> <span class='ocrx_word' id='word_1_112' title='bbox 2042 1924 2411 2007; x_wconf 88' lang='lat' dir='ltr'><strong>palantium</strong></span> <span class='ocrx_word' id='word_1_113' title='bbox 2444 1944 2567 2007; x_wconf 90' lang='lat' dir='ltr'><strong>per</strong></span> 
     </span>
     <span class='ocr_line' id='line_1_16' title="bbox 380 2024 2569 2109; baseline -0.001 -19"><span class='ocrx_word' id='word_1_114' title='bbox 380 2044 599 2108; x_wconf 85' lang='lat' dir='ltr'><strong>agros,</strong></span> <span class='ocrx_word' id='word_1_115' title='bbox 632 2026 999 2103; x_wconf 81' lang='lat' dir='ltr'><strong>interfecta,</strong></span> <span class='ocrx_word' id='word_1_116' title='bbox 1029 2046 1291 2090; x_wconf 87' lang='lat' dir='ltr'><strong>cessere</strong></span> <span class='ocrx_word' id='word_1_117' title='bbox 1321 2026 1476 2089; x_wconf 86' lang='lat' dir='ltr'><strong>inde</strong></span> <span class='ocrx_word' id='word_1_118' title='bbox 1507 2024 1801 2090; x_wconf 84' lang='lat' dir='ltr'><strong>Romani</strong></span> <span class='ocrx_word' id='word_1_119' title='bbox 1852 2028 2127 2109; x_wconf 87' lang='lat' dir='ltr'><strong>propius</strong></span> <span class='ocrx_word' id='word_1_120' title='bbox 2175 2031 2423 2109; x_wconf 90' lang='lat' dir='ltr'><strong>pacata</strong></span> <span class='ocrx_word' id='word_1_121' title='bbox 2464 2026 2569 2089; x_wconf 93' lang='lat' dir='ltr'><strong>lo·</strong></span> 
     </span>
     <span class='ocr_line' id='line_1_17' title="bbox 379 2122 2565 2195; baseline 0 -6"><span class='ocrx_word' id='word_1_122' title='bbox 379 2134 544 2195; x_wconf 85' lang='lat' dir='ltr'><strong>ca‚¹0</strong></span> <span class='ocrx_word' id='word_1_123' title='bbox 570 2133 640 2189; x_wconf 90' lang='lat' dir='ltr'><strong>et</strong></span> <span class='ocrx_word' id='word_1_124' title='bbox 683 2127 769 2188; x_wconf 91' lang='lat' dir='ltr'><strong>ad</strong></span> <span class='ocrx_word' id='word_1_125' title='bbox 799 2132 1092 2190; x_wconf 88' lang='lat' dir='ltr'><strong>montem</strong></span> <span class='ocrx_word' id='word_1_126' title='bbox 1121 2122 1450 2190; x_wconf 81' lang='lat' dir='ltr'><strong>Victoriae</strong></span> <span class='ocrx_word' id='word_1_127' title='bbox 1470 2135 1518 2166; x_wconf 87' lang='lat'><strong>¹¹</strong></span> <span class='ocrx_word' id='word_1_128' title='bbox 1539 2123 1570 2163; x_wconf 83' lang='lat'><strong>‘¹</strong></span> <span class='ocrx_word' id='word_1_129' title='bbox 1602 2131 1825 2189; x_wconf 87' lang='lat' dir='ltr'><strong>castra</strong></span> <span class='ocrx_word' id='word_1_130' title='bbox 1854 2128 2372 2190; x_wconf 78' lang='lat' dir='ltr'><strong>communivere.</strong></span> <span class='ocrx_word' id='word_1_131' title='bbox 2464 2125 2565 2190; x_wconf 88' lang='lat' dir='ltr'><strong>Eo</strong></span> 
     </span>
     <span class='ocr_line' id='line_1_18' title="bbox 381 2224 2569 2309; baseline 0 -21"><span class='ocrx_word' id='word_1_132' title='bbox 381 2224 504 2288; x_wconf 90' lang='lat' dir='ltr'><strong>Cn.</strong></span> <span class='ocrx_word' id='word_1_133' title='bbox 563 2225 796 2308; x_wconf 85' lang='lat' dir='ltr'><strong>Scipio</strong></span> <span class='ocrx_word' id='word_1_134' title='bbox 842 2244 994 2289; x_wconf 90' lang='lat' dir='ltr'><strong>cum</strong></span> <span class='ocrx_word' id='word_1_135' title='bbox 1049 2227 1356 2289; x_wconf 88' lang='lat' dir='ltr'><strong>omuibus</strong></span> <span class='ocrx_word' id='word_1_136' title='bbox 1415 2226 1657 2309; x_wconf 87' lang='lat' dir='ltr'><strong>copiis,</strong></span> <span class='ocrx_word' id='word_1_137' title='bbox 1702 2234 1769 2291; x_wconf 88' lang='lat' dir='ltr'><strong>et</strong></span> <span class='ocrx_word' id='word_1_138' title='bbox 1807 2226 2204 2291; x_wconf 81' lang='lat' dir='ltr'><strong>Hasdrubal</strong></span> <span class='ocrx_word' id='word_1_139' title='bbox 2248 2226 2569 2306; x_wconf 83' lang='lat' dir='ltr'><strong>Gisgonis</strong></span> 
     </span>
     <span class='ocr_line' id='line_1_19' title="bbox 381 2324 2570 2410; baseline 0.001 -23"><span class='ocrx_word' id='word_1_140' title='bbox 381 2324 588 2401; x_wconf 89' lang='lat' dir='ltr'><strong>filius,</strong></span> <span class='ocrx_word' id='word_1_141' title='bbox 636 2326 868 2389; x_wconf 89' lang='lat' dir='ltr'><strong>tertius</strong></span> <span class='ocrx_word' id='word_1_142' title='bbox 919 2324 1568 2407; x_wconf 77' lang='lat' dir='ltr'><strong>Carthaginiensium</strong></span> <span class='ocrx_word' id='word_1_143' title='bbox 1623 2326 1788 2404; x_wconf 81' lang='lat' dir='ltr'><strong>dux,</strong></span> <span class='ocrx_word' id='word_1_144' title='bbox 1840 2346 1995 2391; x_wconf 90' lang='lat' dir='ltr'><strong>cum</strong></span> <span class='ocrx_word' id='word_1_145' title='bbox 2045 2327 2347 2391; x_wconf 83' lang='lat' dir='ltr'><strong>exercitu</strong></span> <span class='ocrx_word' id='word_1_146' title='bbox 2381 2326 2570 2410; x_wconf 85' lang='lat' dir='ltr'><strong>justo</strong></span> 
     </span>
     <span class='ocr_line' id='line_1_20' title="bbox 383 2424 2567 2507; baseline -0 -17"><span class='ocrx_word' id='word_1_147' title='bbox 383 2424 688 2490; x_wconf 85' lang='lat' dir='ltr'><strong>advenit:</strong></span> <span class='ocrx_word' id='word_1_148' title='bbox 737 2431 1096 2507; x_wconf 82' lang='lat' dir='ltr'><strong>contraque</strong></span> <span class='ocrx_word' id='word_1_149' title='bbox 1141 2431 1364 2489; x_wconf 81' lang='lat' dir='ltr'><strong>castra</strong></span> <span class='ocrx_word' id='word_1_150' title='bbox 1407 2424 1715 2491; x_wconf 86' lang='lat' dir='ltr'><strong>Romana</strong></span> <span class='ocrx_word' id='word_1_151' title='bbox 1754 2434 1932 2491; x_wconf 89' lang='lat' dir='ltr'><strong>trans</strong></span> <span class='ocrx_word' id='word_1_152' title='bbox 1976 2428 2295 2491; x_wconf 79' lang='lat' dir='ltr'><strong>fluvium‘</strong></span> <span class='ocrx_word' id='word_1_153' title='bbox 2332 2446 2567 2491; x_wconf 90' lang='lat' dir='ltr'><strong>omues</strong></span> 
     </span>
     <span class='ocr_line' id='line_1_21' title="bbox 380 2526 2571 2613; baseline 0.001 -24"><span class='ocrx_word' id='word_1_154' title='bbox 380 2526 762 2591; x_wconf 83' lang='lat' dir='ltr'><strong>consedere.</strong></span> <span class='ocrx_word' id='word_1_155' title='bbox 855 2526 938 2591; x_wconf 91' lang='lat' dir='ltr'><strong>P.</strong></span> <span class='ocrx_word' id='word_1_156' title='bbox 986 2528 1246 2610; x_wconf 89' lang='lat' dir='ltr'><strong>Scipio,</strong></span> <span class='ocrx_word' id='word_1_157' title='bbox 1299 2548 1450 2591; x_wconf 90' lang='lat' dir='ltr'><strong>cum</strong></span> <span class='ocrx_word' id='word_1_158' title='bbox 1502 2528 1835 2612; x_wconf 81' lang='lat' dir='ltr'><strong>expeditis</strong></span> <span class='ocrx_word' id='word_1_159' title='bbox 1881 2529 2055 2593; x_wconf 91' lang='lat' dir='ltr'><strong>clam</strong></span> <span class='ocrx_word' id='word_1_160' title='bbox 2103 2528 2442 2613; x_wconf 81' lang='lat' dir='ltr'><strong>profectus</strong></span> <span class='ocrx_word' id='word_1_161' title='bbox 2482 2526 2571 2591; x_wconf 88' lang='lat' dir='ltr'><strong>ad</strong></span> 
     </span>
     <span class='ocr_line' id='line_1_22' title="bbox 380 2626 2568 2712; baseline 0.001 -21"><span class='ocrx_word' id='word_1_162' title='bbox 380 2626 538 2691; x_wconf 86' lang='lat' dir='ltr'><strong>loca</strong></span> <span class='ocrx_word' id='word_1_163' title='bbox 583 2630 760 2691; x_wconf 90' lang='lat' dir='ltr'><strong>circa</strong></span> <span class='ocrx_word' id='word_1_164' title='bbox 799 2629 1107 2706; x_wconf 88' lang='lat' dir='ltr'><strong>visenda,</strong></span> <span class='ocrx_word' id='word_1_165' title='bbox 1148 2628 1325 2692; x_wconf 89' lang='lat' dir='ltr'><strong>haud</strong></span> <span class='ocrx_word' id='word_1_166' title='bbox 1380 2628 1607 2695; x_wconf 82' lang='lat' dir='ltr'><strong>fefellit</strong></span> <span class='ocrx_word' id='word_1_167' title='bbox 1650 2626 1904 2693; x_wconf 85' lang='lat' dir='ltr'><strong>hostes:</strong></span> <span class='ocrx_word' id='word_1_168' title='bbox 1951 2630 2568 2712; x_wconf 84' lang='lat' dir='ltr'><strong>oppressissentque</strong></span> 
     </span>
     <span class='ocr_line' id='line_1_23' title="bbox 384 2729 2569 2811; baseline 0 -20"><span class='ocrx_word' id='word_1_169' title='bbox 384 2748 536 2791; x_wconf 89' lang='lat' dir='ltr'><strong>eum</strong></span> <span class='ocrx_word' id='word_1_170' title='bbox 567 2730 634 2793; x_wconf 89' lang='lat' dir='ltr'><strong>in</strong></span> <span class='ocrx_word' id='word_1_171' title='bbox 664 2731 1041 2811; x_wconf 86' lang='lat' dir='ltr'><strong>patentibus</strong></span> <span class='ocrx_word' id='word_1_172' title='bbox 1071 2730 1354 2811; x_wconf 80' lang='lat' dir='ltr'><strong>campiS,</strong></span> <span class='ocrx_word' id='word_1_173' title='bbox 1385 2729 1452 2791; x_wconf 89' lang='lat' dir='ltr'><strong>ni</strong></span> <span class='ocrx_word' id='word_1_174' title='bbox 1481 2730 1798 2793; x_wconf 88' lang='lat' dir='ltr'><strong>tumulum</strong></span> <span class='ocrx_word' id='word_1_175' title='bbox 1838 2730 1905 2791; x_wconf 90' lang='lat' dir='ltr'><strong>in</strong></span> <span class='ocrx_word' id='word_1_176' title='bbox 1946 2730 2317 2811; x_wconf 86' lang='lat' dir='ltr'><strong>propinquo</strong></span> <span class='ocrx_word' id='word_1_177' title='bbox 2350 2730 2569 2811; x_wconf 89' lang='lat' dir='ltr'><strong>cepis-</strong></span> 
     </span>
     <span class='ocr_line' id='line_1_24' title="bbox 385 2827 2574 2913; baseline -0.002 -19"><span class='ocrx_word' id='word_1_178' title='bbox 385 2837 509 2894; x_wconf 87' lang='lat' dir='ltr'><strong>set.</strong></span> <span class='ocrx_word' id='word_1_179' title='bbox 595 2830 706 2894; x_wconf 87' lang='lat' dir='ltr'><strong>Ibi</strong></span> <span class='ocrx_word' id='word_1_180' title='bbox 757 2850 1021 2913; x_wconf 85' lang='lat' dir='ltr'><strong>quoque</strong></span> <span class='ocrx_word' id='word_1_181' title='bbox 1070 2832 1556 2893; x_wconf 88' lang='lat' dir='ltr'><strong>circumsessus</strong></span> <span class='ocrx_word' id='word_1_182' title='bbox 1609 2829 1895 2893; x_wconf 86' lang='lat' dir='ltr'><strong>adventu</strong></span> <span class='ocrx_word' id='word_1_183' title='bbox 1946 2830 2165 2892; x_wconf 83' lang='lat' dir='ltr'><strong>fratris</strong></span> <span class='ocrx_word' id='word_1_184' title='bbox 2220 2827 2574 2891; x_wconf 85' lang='lat' dir='ltr'><strong>obsidione</strong></span> 
     </span>
     <span class='ocr_line' id='line_1_25' title="bbox 384 2926 2575 3013; baseline -0.002 -18"><span class='ocrx_word' id='word_1_185' title='bbox 384 2932 718 2995; x_wconf 86' lang='lat' dir='ltr'><strong>eximitur.</strong></span> <span class='ocrx_word' id='word_1_186' title='bbox 807 2930 1111 3007; x_wconf 85' lang='lat' dir='ltr'><strong>Castulo,</strong></span> <span class='ocrx_word' id='word_1_187' title='bbox 1153 2926 1350 2993; x_wconf 72' lang='lat' dir='ltr'><strong>urhsf</strong></span> <span class='ocrx_word' id='word_1_188' title='bbox 1389 2928 1745 3013; x_wconf 79' lang='lat' dir='ltr'><strong>Hispaniae</strong></span> <span class='ocrx_word' id='word_1_189' title='bbox 1792 2929 2019 2994; x_wconf 87' lang='lat' dir='ltr'><strong>valida</strong></span> <span class='ocrx_word' id='word_1_190' title='bbox 2068 2947 2152 2993; x_wconf 90' lang='lat' dir='ltr'><strong>ac</strong></span> <span class='ocrx_word' id='word_1_191' title='bbox 2201 2928 2467 3005; x_wconf 74' lang='lat' dir='ltr'><strong>nobiliS,</strong></span> <span class='ocrx_word' id='word_1_192' title='bbox 2510 2934 2575 2991; x_wconf 90' lang='lat' dir='ltr'><strong>et</strong></span> 
     </span>
    </p>
   </div>
   <div class='ocr_carea' id='block_1_3' title="bbox 1301 3106 1663 3129">
    <p class='ocr_par' dir='ltr' id='par_1_4' title="bbox 1301 3106 1663 3129">
     <span class='ocr_line' id='line_1_26' title="bbox 1301 3106 1663 3129; baseline 0 -2"><span class='ocrx_word' id='word_1_193' title='bbox 1301 3108 1451 3129; x_wconf 62' lang='lat' dir='ltr'><em>OOOOO</em></span> <span class='ocrx_word' id='word_1_194' title='bbox 1457 3106 1663 3129; x_wconf 66' lang='lat' dir='ltr'><strong>”OOOOO</strong></span> 
     </span>
    </p>
   </div>
   <div class='ocr_carea' id='block_1_4' title="bbox 385 3219 2573 3348">
    <p class='ocr_par' dir='ltr' id='par_1_5' title="bbox 385 3219 2573 3348">
     <span class='ocr_line' id='line_1_27' title="bbox 385 3219 2573 3286; baseline -0.001 -13"><span class='ocrx_word' id='word_1_195' title='bbox 385 3227 422 3273; x_wconf 73' lang='grc'>6</span> <span class='ocrx_word' id='word_1_196' title='bbox 456 3222 680 3271; x_wconf 73' lang='lat' dir='ltr'><strong>Hostiam</strong></span> <span class='ocrx_word' id='word_1_197' title='bbox 702 3219 836 3270; x_wconf 77' lang='lat' dir='ltr'><strong>Edd-</strong></span> <span class='ocrx_word' id='word_1_198' title='bbox 862 3227 984 3270; x_wconf 75' lang='lat' dir='ltr'><strong>ante</strong></span> <span class='ocrx_word' id='word_1_199' title='bbox 1006 3220 1334 3270; x_wconf 64' lang='lat' dir='ltr'><strong>Granum—&#39;1</strong></span> <span class='ocrx_word' id='word_1_200' title='bbox 1367 3219 1667 3283; x_wconf 74' lang='lat' dir='ltr'><strong>Legendutn</strong></span> <span class='ocrx_word' id='word_1_201' title='bbox 1689 3226 1863 3269; x_wconf 80' lang='lat' dir='ltr'><strong>mouet</strong></span> <span class='ocrx_word' id='word_1_202' title='bbox 1883 3220 2031 3270; x_wconf 84' lang='lat' dir='ltr'><strong>Duk.</strong></span> <span class='ocrx_word' id='word_1_203' title='bbox 2056 3220 2300 3273; x_wconf 69' lang='lat' dir='ltr'><strong>subductis</strong></span> <span class='ocrx_word' id='word_1_204' title='bbox 2325 3226 2466 3286; x_wconf 70' lang='lat' dir='ltr'><strong>atque</strong></span> <span class='ocrx_word' id='word_1_205' title='bbox 2498 3223 2573 3271; x_wconf 78' lang='lat' dir='ltr'><strong>is-</strong></span> 
     </span>
     <span class='ocr_line' id='line_1_28' title="bbox 387 3284 1310 3348; baseline -0.009 -11"><span class='ocrx_word' id='word_1_206' title='bbox 387 3288 558 3347; x_wconf 71' lang='lat' dir='ltr'><strong>censis,</strong></span> <span class='ocrx_word' id='word_1_207' title='bbox 582 3285 762 3348; x_wconf 82' lang='lat' dir='ltr'><strong>probb.</strong></span> <span class='ocrx_word' id='word_1_208' title='bbox 789 3286 1007 3346; x_wconf 81' lang='lat' dir='ltr'><strong>Rupert.</strong></span> <span class='ocrx_word' id='word_1_209' title='bbox 1030 3293 1087 3331; x_wconf 83' lang='lat' dir='ltr'><strong>et</strong></span> <span class='ocrx_word' id='word_1_210' title='bbox 1112 3284 1310 3333; x_wconf 85' lang='lat' dir='ltr'><strong>Stroth.</strong></span> 
     </span>
    </p>
   </div>
   <div class='ocr_carea' id='block_1_5' title="bbox 388 3344 2577 3604">
    <p class='ocr_par' dir='ltr' id='par_1_6' title="bbox 388 3344 2577 3604">
     <span class='ocr_line' id='line_1_29' title="bbox 453 3344 2575 3409; baseline 0 -11"><span class='ocrx_word' id='word_1_211' title='bbox 453 3354 484 3398; x_wconf 85' lang='grc'><strong>8</strong></span> <span class='ocrx_word' id='word_1_212' title='bbox 519 3354 536 3378; x_wconf 74' lang='lat'><strong>⁶</strong></span> <span class='ocrx_word' id='word_1_213' title='bbox 556 3350 775 3398; x_wconf 76' lang='lat' dir='ltr'><strong>Castrum</strong></span> <span class='ocrx_word' id='word_1_214' title='bbox 793 3348 970 3397; x_wconf 70' lang='lat' dir='ltr'><strong>Album</strong></span> <span class='ocrx_word' id='word_1_215' title='bbox 993 3348 1126 3397; x_wconf 82' lang='lat' dir='ltr'><strong>bene</strong></span> <span class='ocrx_word' id='word_1_216' title='bbox 1149 3347 1281 3409; x_wconf 87' lang='lat' dir='ltr'><strong>conj.</strong></span> <span class='ocrx_word' id='word_1_217' title='bbox 1323 3344 1504 3396; x_wconf 57' lang='lat' dir='ltr'><strong>nuk?</strong></span> <span class='ocrx_word' id='word_1_218' title='bbox 1537 3346 1841 3409; x_wconf 55' lang='lat' dir='ltr'><strong>nupera—s</strong></span> <span class='ocrx_word' id='word_1_219' title='bbox 1873 3348 2103 3409; x_wconf 79' lang='lat' dir='ltr'><strong>Fulvius,</strong></span> <span class='ocrx_word' id='word_1_220' title='bbox 2132 3348 2397 3409; x_wconf 57' lang='lat' dir='ltr'><strong>&amp;apertus</strong></span> <span class='ocrx_word' id='word_1_221' title='bbox 2432 3363 2575 3399; x_wconf 71' lang='lat' dir='ltr'><strong>vexa·</strong></span> 
     </span>
     <span class='ocr_line' id='line_1_30' title="bbox 389 3410 2576 3474; baseline -0.001 -11"><span class='ocrx_word' id='word_1_222' title='bbox 389 3420 516 3463; x_wconf 74' lang='lat' dir='ltr'><strong>tum:</strong></span> <span class='ocrx_word' id='word_1_223' title='bbox 551 3412 684 3474; x_wconf 85' lang='lat' dir='ltr'><strong>quod</strong></span> <span class='ocrx_word' id='word_1_224' title='bbox 723 3422 866 3460; x_wconf 81' lang='lat' dir='ltr'><strong>certo</strong></span> <span class='ocrx_word' id='word_1_225' title='bbox 897 3413 1008 3460; x_wconf 84' lang='lat' dir='ltr'><strong>scio</strong></span> <span class='ocrx_word' id='word_1_226' title='bbox 1041 3410 1172 3459; x_wconf 84' lang='lat' dir='ltr'><strong>Livii</strong></span> <span class='ocrx_word' id='word_1_227' title='bbox 1203 3426 1303 3459; x_wconf 87' lang='lat' dir='ltr'><strong>non</strong></span> <span class='ocrx_word' id='word_1_228' title='bbox 1327 3424 1460 3460; x_wconf 83' lang='lat' dir='ltr'><strong>esse.</strong></span> <span class='ocrx_word' id='word_1_229' title='bbox 1523 3410 1649 3460; x_wconf 88' lang='lat' dir='ltr'><strong>Put.</strong></span> <span class='ocrx_word' id='word_1_230' title='bbox 1680 3410 1865 3474; x_wconf 69' lang='lat' dir='ltr'><strong>inpune</strong></span> <span class='ocrx_word' id='word_1_231' title='bbox 1884 3410 2201 3460; x_wconf 59' lang='lat' dir='ltr'><strong>iuvandum.-</strong></span> <span class='ocrx_word' id='word_1_232' title='bbox 2236 3425 2401 3473; x_wconf 80' lang='lat' dir='ltr'><strong>neque</strong></span> <span class='ocrx_word' id='word_1_233' title='bbox 2423 3413 2576 3461; x_wconf 84' lang='lat' dir='ltr'><strong>aliter</strong></span> 
     </span>
     <span class='ocr_line' id='line_1_31' title="bbox 390 3472 2577 3537; baseline 0 -12"><span class='ocrx_word' id='word_1_234' title='bbox 390 3480 495 3525; x_wconf 75' lang='lat' dir='ltr'><strong>duo</strong></span> <span class='ocrx_word' id='word_1_235' title='bbox 533 3477 654 3525; x_wconf 82' lang='lat' dir='ltr'><strong>Pet.</strong></span> <span class='ocrx_word' id='word_1_236' title='bbox 687 3476 838 3525; x_wconf 80' lang='lat' dir='ltr'><strong>Voss.</strong></span> <span class='ocrx_word' id='word_1_237' title='bbox 869 3475 972 3523; x_wconf 88' lang='lat' dir='ltr'><strong>duo</strong></span> <span class='ocrx_word' id='word_1_238' title='bbox 1006 3474 1142 3523; x_wconf 78' lang='lat' dir='ltr'><strong>Pall-</strong></span> <span class='ocrx_word' id='word_1_239' title='bbox 1175 3482 1230 3525; x_wconf 88' lang='lat' dir='ltr'><strong>et</strong></span> <span class='ocrx_word' id='word_1_240' title='bbox 1266 3474 1413 3524; x_wconf 82' lang='lat' dir='ltr'><strong>Men.</strong></span> <span class='ocrx_word' id='word_1_241' title='bbox 1478 3472 1589 3523; x_wconf 81' lang='lat' dir='ltr'><strong>Ant</strong></span> <span class='ocrx_word' id='word_1_242' title='bbox 1620 3489 1741 3524; x_wconf 80' lang='lat' dir='ltr'><strong>vera</strong></span> <span class='ocrx_word' id='word_1_243' title='bbox 1765 3482 1849 3523; x_wconf 86' lang='lat' dir='ltr'><strong>est</strong></span> <span class='ocrx_word' id='word_1_244' title='bbox 1874 3475 2097 3537; x_wconf 79' lang='lat' dir='ltr'><strong>vulgata,</strong></span> <span class='ocrx_word' id='word_1_245' title='bbox 2119 3483 2209 3523; x_wconf 80' lang='lat' dir='ltr'><strong>aut</strong></span> <span class='ocrx_word' id='word_1_246' title='bbox 2230 3476 2577 3534; x_wconf 84' lang='lat' dir='ltr'><strong>scribendum,</strong></span> 
     </span>
     <span class='ocr_line' id='line_1_32' title="bbox 388 3536 2577 3604; baseline 0.002 -15"><span class='ocrx_word' id='word_1_247' title='bbox 388 3542 578 3604; x_wconf 69' lang='lat' dir='ltr'><strong>impune</strong></span> <span class='ocrx_word' id='word_1_248' title='bbox 598 3537 907 3589; x_wconf 59' lang='lat' dir='ltr'><strong>dices-atam?</strong></span> <span class='ocrx_word' id='word_1_249' title='bbox 938 3536 991 3589; x_wconf 85' lang='lat' dir='ltr'><strong>J.</strong></span> <span class='ocrx_word' id='word_1_250' title='bbox 1026 3538 1087 3589; x_wconf 81' lang='lat' dir='ltr'><strong>F.</strong></span> <span class='ocrx_word' id='word_1_251' title='bbox 1111 3538 1470 3589; x_wconf 51' lang='lat' dir='ltr'><strong>Gronov—1⁰</strong></span> <span class='ocrx_word' id='word_1_252' title='bbox 1502 3538 1604 3589; x_wconf 83' lang='lat' dir='ltr'><strong>Per·</strong></span> <span class='ocrx_word' id='word_1_253' title='bbox 1631 3539 1770 3603; x_wconf 70' lang='lat' dir='ltr'><strong>prius</strong></span> <span class='ocrx_word' id='word_1_254' title='bbox 1799 3554 1849 3603; x_wconf 76' lang='lat' dir='ltr'><strong>p.</strong></span> <span class='ocrx_word' id='word_1_255' title='bbox 1871 3540 1907 3588; x_wconf 86' lang='lat' dir='ltr'><strong>l.</strong></span> <span class='ocrx_word' id='word_1_256' title='bbox 1942 3543 2049 3589; x_wconf 81' lang='lat' dir='ltr'><strong>vet.</strong></span> <span class='ocrx_word' id='word_1_257' title='bbox 2086 3538 2177 3588; x_wconf 87' lang='lat' dir='ltr'><strong>lib.</strong></span> <span class='ocrx_word' id='word_1_258' title='bbox 2211 3553 2297 3603; x_wconf 83' lang='lat' dir='ltr'><strong>ap.</strong></span> <span class='ocrx_word' id='word_1_259' title='bbox 2332 3538 2577 3604; x_wconf 76' lang='lat' dir='ltr'><strong>Sigon.—</strong></span> 
     </span>
    </p>
   </div>
   <div class='ocr_carea' id='block_1_6' title="bbox 1371 3666 1598 3717">
    <p class='ocr_par' dir='ltr' id='par_1_7' title="bbox 1371 3666 1598 3717">
     <span class='ocr_line' id='line_1_33' title="bbox 1371 3666 1598 3717; baseline -0.004 0"><span class='ocrx_word' id='word_1_260' title='bbox 1371 3666 1421 3717; x_wconf 74' lang='lat' dir='ltr'>N</span> <span class='ocrx_word' id='word_1_261' title='bbox 1429 3666 1598 3717; x_wconf 73' lang='lat' dir='ltr'><strong>01·AE</strong></span> 
     </span>
    </p>
   </div>
   <div class='ocr_carea' id='block_1_7' title="bbox 395 3758 2581 3903">
    <p class='ocr_par' dir='ltr' id='par_1_8' title="bbox 395 3758 2581 3903">
     <span class='ocr_line' id='line_1_34' title="bbox 455 3758 2578 3826; baseline 0 -12"><span class='ocrx_word' id='word_1_262' title='bbox 455 3773 478 3801; x_wconf 62' lang='grc' dir='ltr'><strong>Φ</strong></span> <span class='ocrx_word' id='word_1_263' title='bbox 509 3764 588 3815; x_wconf 74' lang='lat' dir='ltr'><strong>Aa</strong></span> <span class='ocrx_word' id='word_1_264' title='bbox 605 3768 816 3815; x_wconf 69' lang='lat' dir='ltr'><strong>mmm</strong></span> <span class='ocrx_word' id='word_1_265' title='bbox 832 3762 1024 3826; x_wconf 69' lang='lat' dir='ltr'><strong>Altum]</strong></span> <span class='ocrx_word' id='word_1_266' title='bbox 1058 3760 1323 3826; x_wconf 85' lang='lat' dir='ltr'><strong>Oppidum</strong></span> <span class='ocrx_word' id='word_1_267' title='bbox 1344 3758 1447 3813; x_wconf 79' lang='lat' dir='ltr'><strong>fuit</strong></span> <span class='ocrx_word' id='word_1_268' title='bbox 1524 3762 1816 3826; x_wconf 62' lang='lat' dir='ltr'><strong>Orospeda</strong></span> <span class='ocrx_word' id='word_1_269' title='bbox 1836 3762 2025 3813; x_wconf 86' lang='lat' dir='ltr'><strong>montis</strong></span> <span class='ocrx_word' id='word_1_270' title='bbox 2046 3761 2109 3812; x_wconf 80' lang='lat' dir='ltr'><strong>ad</strong></span> <span class='ocrx_word' id='word_1_271' title='bbox 2131 3764 2368 3814; x_wconf 80' lang='lat' dir='ltr'><strong>dextram</strong></span> <span class='ocrx_word' id='word_1_272' title='bbox 2390 3766 2578 3817; x_wconf 83' lang='lat' dir='ltr'><strong>Sucro·</strong></span> 
     </span>
     <span class='ocr_line' id='line_1_35' title="bbox 395 3836 2581 3903; baseline 0 -13"><span class='ocrx_word' id='word_1_273' title='bbox 395 3842 671 3899; x_wconf 58' lang='lat' dir='ltr'><strong>husonum,</strong></span> <span class='ocrx_word' id='word_1_274' title='bbox 694 3840 780 3903; x_wconf 83' lang='lat' dir='ltr'><strong>qui</strong></span> <span class='ocrx_word' id='word_1_275' title='bbox 803 3854 918 3903; x_wconf 83' lang='lat' dir='ltr'><strong>pars</strong></span> <span class='ocrx_word' id='word_1_276' title='bbox 939 3839 1334 3888; x_wconf 82' lang='lat' dir='ltr'><strong>Celtiberorum.</strong></span> <span class='ocrx_word' id='word_1_277' title='bbox 1381 3837 1447 3887; x_wconf 85' lang='lat' dir='ltr'><strong>Ei</strong></span> <span class='ocrx_word' id='word_1_278' title='bbox 1525 3839 1626 3903; x_wconf 85' lang='lat' dir='ltr'><strong>nis,</strong></span> <span class='ocrx_word' id='word_1_279' title='bbox 1646 3852 1749 3889; x_wconf 85' lang='lat' dir='ltr'><strong>uon</strong></span> <span class='ocrx_word' id='word_1_280' title='bbox 1768 3839 1949 3902; x_wconf 83' lang='lat' dir='ltr'><strong>procul</strong></span> <span class='ocrx_word' id='word_1_281' title='bbox 1971 3838 2098 3888; x_wconf 67' lang='lat' dir='ltr'><strong>Ano</strong></span> <span class='ocrx_word' id='word_1_282' title='bbox 2118 3836 2365 3903; x_wconf 79' lang='lat' dir='ltr'><strong>fontibus,</strong></span> <span class='ocrx_word' id='word_1_283' title='bbox 2380 3841 2429 3889; x_wconf 87' lang='lat' dir='ltr'><strong>in</strong></span> <span class='ocrx_word' id='word_1_284' title='bbox 2451 3842 2581 3891; x_wconf 78' lang='lat' dir='ltr'><strong>Bas·</strong></span> 
     </span>
    </p>
   </div>
   <div class='ocr_carea' id='block_1_8' title="bbox 392 3900 2664 3981">
    <p class='ocr_par' dir='ltr' id='par_1_9' title="bbox 392 3900 2664 3981">
     <span class='ocr_line' id='line_1_36' title="bbox 392 3900 2664 3981; baseline 0.002 -17"><span class='ocrx_word' id='word_1_285' title='bbox 392 3922 578 3980; x_wconf 76' lang='lat' dir='ltr'><strong>postea</strong></span> <span class='ocrx_word' id='word_1_286' title='bbox 609 3928 794 3964; x_wconf 80' lang='lat' dir='ltr'><strong>nomen</strong></span> <span class='ocrx_word' id='word_1_287' title='bbox 831 3914 1042 3976; x_wconf 70' lang='lat' dir='ltr'><strong>Valeria,</strong></span> <span class='ocrx_word' id='word_1_288' title='bbox 1065 3914 1128 3963; x_wconf 83' lang='lat' dir='ltr'><strong>ad</strong></span> <span class='ocrx_word' id='word_1_289' title='bbox 1161 3912 1446 3963; x_wconf 79' lang='lat' dir='ltr'><strong>Sucronem</strong></span> <span class='ocrx_word' id='word_1_290' title='bbox 1528 3916 1811 3967; x_wconf 75' lang='lat' dir='ltr'><strong>titanorum</strong></span> <span class='ocrx_word' id='word_1_291' title='bbox 1840 3914 2044 3973; x_wconf 81' lang='lat' dir='ltr'><strong>fluibus,</strong></span> <span class='ocrx_word' id='word_1_292' title='bbox 2076 3930 2175 3981; x_wconf 80' lang='lat' dir='ltr'><strong>qus</strong></span> <span class='ocrx_word' id='word_1_293' title='bbox 2207 3916 2373 3966; x_wconf 75' lang='lat' dir='ltr'><strong>Simo</strong></span> <span class='ocrx_word' id='word_1_294' title='bbox 2402 3920 2463 3968; x_wconf 79' lang='lat' dir='ltr'><strong>de</strong></span> <span class='ocrx_word' id='word_1_295' title='bbox 2493 3920 2582 3967; x_wconf 67' lang='grc' dir='ltr'><strong>Δὶ·</strong></span> <span class='ocrx_word' id='word_1_296' title='bbox 2658 3900 2664 3905; x_wconf 43' lang='grc'><em>“</em></span> 
     </span>
    </p>
   </div>
   <div class='ocr_carea' id='block_1_9' title="bbox 393 3989 2581 4361">
    <p class='ocr_par' dir='ltr' id='par_1_10' title="bbox 393 3989 2581 4055">
     <span class='ocr_line' id='line_1_37' title="bbox 393 3989 2581 4055; baseline 0 -14"><span class='ocrx_word' id='word_1_297' title='bbox 393 3990 449 4041; x_wconf 80' lang='lat' dir='ltr'><strong>fl.</strong></span> <span class='ocrx_word' id='word_1_298' title='bbox 470 3989 558 4055; x_wconf 83' lang='lat' dir='ltr'><strong>qui</strong></span> <span class='ocrx_word' id='word_1_299' title='bbox 577 4002 714 4039; x_wconf 80' lang='lat' dir='ltr'><strong>nuuc</strong></span> <span class='ocrx_word' id='word_1_300' title='bbox 735 3990 920 4039; x_wconf 65' lang='lat' dir='ltr'><strong>Xuoe.</strong></span> <span class='ocrx_word' id='word_1_301' title='bbox 974 3992 1205 4040; x_wconf 79' lang='lat' dir='ltr'><strong>Putstur</strong></span> <span class='ocrx_word' id='word_1_302' title='bbox 1223 4003 1337 4039; x_wconf 81' lang='lat' dir='ltr'><strong>esse</strong></span> <span class='ocrx_word' id='word_1_303' title='bbox 1355 3990 1446 4039; x_wconf 83' lang='lat' dir='ltr'><strong>ho·</strong></span> <span class='ocrx_word' id='word_1_304' title='bbox 1525 4006 1667 4041; x_wconf 69' lang='lat' dir='ltr'><strong>esra</strong></span> <span class='ocrx_word' id='word_1_305' title='bbox 1693 3989 1759 4040; x_wconf 79' lang='lat' dir='ltr'><strong>ad</strong></span> <span class='ocrx_word' id='word_1_306' title='bbox 1783 3992 2200 4053; x_wconf 76' lang='lat' dir='ltr'><strong>septemtrionem</strong></span> <span class='ocrx_word' id='word_1_307' title='bbox 2225 3994 2443 4043; x_wconf 76' lang='lat' dir='ltr'><strong>maxime</strong></span> <span class='ocrx_word' id='word_1_308' title='bbox 2465 4006 2581 4042; x_wconf 80' lang='lat' dir='ltr'><strong>ver-</strong></span> 
     </span>
    </p>

    <p class='ocr_par' dir='ltr' id='par_1_11' title="bbox 395 4064 2240 4131">
     <span class='ocr_line' id='line_1_38' title="bbox 395 4064 2240 4131; baseline 0.001 -15"><span class='ocrx_word' id='word_1_309' title='bbox 395 4066 485 4116; x_wconf 81' lang='lat' dir='ltr'><strong>dle</strong></span> <span class='ocrx_word' id='word_1_310' title='bbox 509 4066 718 4127; x_wconf 66' lang='grc' dir='ltr'><strong>σοιισὴα,</strong></span> <span class='ocrx_word' id='word_1_311' title='bbox 731 4066 1069 4131; x_wconf 73' lang='lat' dir='ltr'><strong>Episcopatus</strong></span> <span class='ocrx_word' id='word_1_312' title='bbox 1089 4068 1144 4117; x_wconf 88' lang='lat' dir='ltr'><strong>in</strong></span> <span class='ocrx_word' id='word_1_313' title='bbox 1167 4079 1300 4117; x_wconf 77' lang='lat' dir='ltr'><strong>nova</strong></span> <span class='ocrx_word' id='word_1_314' title='bbox 1321 4066 1448 4116; x_wconf 74' lang='lat' dir='ltr'><strong>cn-</strong></span> <span class='ocrx_word' id='word_1_315' title='bbox 1529 4066 1625 4131; x_wconf 75' lang='lat' dir='ltr'><strong>git‚</strong></span> <span class='ocrx_word' id='word_1_316' title='bbox 1648 4065 1714 4115; x_wconf 77' lang='lat' dir='ltr'><strong>sd</strong></span> <span class='ocrx_word' id='word_1_317' title='bbox 1730 4065 1975 4129; x_wconf 86' lang='lat' dir='ltr'><strong>oppidum</strong></span> <span class='ocrx_word' id='word_1_318' title='bbox 1996 4064 2240 4118; x_wconf 66' lang='lat' dir='ltr'><strong>Albacete.</strong></span> 
     </span>
    </p>

    <p class='ocr_par' dir='ltr' id='par_1_12' title="bbox 395 4140 2580 4209">
     <span class='ocr_line' id='line_1_39' title="bbox 395 4140 2580 4209; baseline 0 -16"><span class='ocrx_word' id='word_1_319' title='bbox 395 4142 543 4205; x_wconf 77' lang='lat' dir='ltr'><strong>tells,</strong></span> <span class='ocrx_word' id='word_1_320' title='bbox 587 4141 806 4205; x_wconf 82' lang='lat' dir='ltr'><strong>ejusque</strong></span> <span class='ocrx_word' id='word_1_321' title='bbox 847 4148 1018 4193; x_wconf 75' lang='lat' dir='ltr'><strong>tractu</strong></span> <span class='ocrx_word' id='word_1_322' title='bbox 1060 4158 1212 4209; x_wconf 82' lang='lat' dir='ltr'><strong>quem</strong></span> <span class='ocrx_word' id='word_1_323' title='bbox 1257 4143 1452 4193; x_wconf 70' lang='lat' dir='ltr'><strong>Serv-ast</strong></span> <span class='ocrx_word' id='word_1_324' title='bbox 1593 4148 1617 4175; x_wconf 76' lang='lat'>⁸</span> <span class='ocrx_word' id='word_1_325' title='bbox 1652 4141 1801 4191; x_wconf 69' lang='grc' dir='ltr'><strong>Τνω</strong></span> <span class='ocrx_word' id='word_1_326' title='bbox 1816 4140 2045 4207; x_wconf 66' lang='lat' dir='ltr'><strong>fluvium]</strong></span> <span class='ocrx_word' id='word_1_327' title='bbox 2076 4144 2348 4194; x_wconf 78' lang='lat' dir='ltr'><strong>Debuerat</strong></span> <span class='ocrx_word' id='word_1_328' title='bbox 2366 4140 2580 4193; x_wconf 81' lang='lat' dir='ltr'><strong>fluvium</strong></span> 
     </span>
    </p>

    <p class='ocr_par' dir='ltr' id='par_1_13' title="bbox 397 4216 2578 4361">
     <span class='ocr_line' id='line_1_40' title="bbox 397 4216 2578 4286; baseline 0.002 -19"><span class='ocrx_word' id='word_1_329' title='bbox 397 4222 624 4267; x_wconf 68' lang='lat' dir='ltr'><strong>vocantz</strong></span> <span class='ocrx_word' id='word_1_330' title='bbox 659 4216 810 4280; x_wconf 70' lang='lat' dir='ltr'><strong>vulgo</strong></span> <span class='ocrx_word' id='word_1_331' title='bbox 835 4218 1036 4268; x_wconf 69' lang='lat' dir='ltr'><strong>cmc«.</strong></span> <span class='ocrx_word' id='word_1_332' title='bbox 1528 4218 1813 4268; x_wconf 81' lang='lat' dir='ltr'><strong>nominare.</strong></span> <span class='ocrx_word' id='word_1_333' title='bbox 1879 4218 2032 4270; x_wconf 84' lang='lat' dir='ltr'><strong>Nunc</strong></span> <span class='ocrx_word' id='word_1_334' title='bbox 2050 4220 2274 4270; x_wconf 84' lang='lat' dir='ltr'><strong>incertos</strong></span> <span class='ocrx_word' id='word_1_335' title='bbox 2296 4220 2578 4286; x_wconf 82' lang='lat' dir='ltr'><strong>relinquit:</strong></span> 
     </span>
     <span class='ocr_line' id='line_1_41' title="bbox 461 4292 2163 4361; baseline 0.001 -16"><span class='ocrx_word' id='word_1_336' title='bbox 461 4292 488 4357; x_wconf 61' lang='grc' dir='ltr'><strong><em>ἐ</em></strong></span> <span class='ocrx_word' id='word_1_337' title='bbox 521 4293 604 4345; x_wconf 71' lang='lat' dir='ltr'><strong>Aa</strong></span> <span class='ocrx_word' id='word_1_338' title='bbox 637 4297 838 4345; x_wconf 69' lang='lat' dir='ltr'><strong>mosten</strong></span> <span class='ocrx_word' id='word_1_339' title='bbox 880 4294 1130 4358; x_wconf 72' lang='lat' dir='ltr'><strong>Victoria]</strong></span> <span class='ocrx_word' id='word_1_340' title='bbox 1171 4295 1292 4347; x_wconf 79' lang='lat' dir='ltr'><strong>Fuit</strong></span> <span class='ocrx_word' id='word_1_341' title='bbox 1331 4308 1451 4360; x_wconf 73' lang='lat' dir='ltr'><strong>pars</strong></span> <span class='ocrx_word' id='word_1_342' title='bbox 1529 4294 1717 4361; x_wconf 73' lang='lat' dir='ltr'><strong>Anam,</strong></span> <span class='ocrx_word' id='word_1_343' title='bbox 1738 4300 1882 4360; x_wconf 84' lang='lat' dir='ltr'><strong>puto,</strong></span> <span class='ocrx_word' id='word_1_344' title='bbox 1903 4295 2163 4360; x_wconf 65' lang='lat' dir='ltr'><strong>intelligit.</strong></span> 
     </span>
    </p>
   </div>
  </div>
 </body>
</html>
