3159 4934
1182 410 1329 460 ms.
1374 410 1572 461 xxv.
1618 414 1782 463 car.
1824 346 1934 463 32.
2469 400 2644 470 2141

464 551 635 617 Inde
684 557 973 636 quaestor
1022 572 1173 622 cum
1224 556 1541 639 praesidio
1595 558 1682 623 ad
1735 556 1997 639 Nasum
2041 558 2128 622 ad
2181 558 2646 643 accipiendam

465 654 817 737 pecuniam
862 656 1109 737 regiam
1153 656 1792 743 custodiendamque
1837 658 2110 725 missus.
2196 660 2378 726 Urbs
2423 662 2650 745 diripi-

465 755 639 821 enda
666 758 863 821 militi
904 757 1072 822 data
1115 766 1242 834 est,
1287 759 1680 825 custodibus
1709 761 1948 827 divisis
1975 780 2100 845 per
2127 760 2366 828 domos
2394 782 2646 842 eorum,

467 859 583 942 qui
612 860 790 924 intra
816 862 1133 943 praesidia
1162 862 1471 927 Romana
1498 862 1776 927 fuerant.
1838 862 2008 929 Cum
2036 862 2250 929 multa
2269 863 2408 938 irae,
2431 863 2648 930 multa

466 964 825 1041 avaritiam*
848 962 1032 1029 foeda
1058 964 1373 1048 exempla
1399 964 1776 1042 ederentur,
1804 964 2281 1041 Archimeden,
2313 966 2649 1031 memoriae

464 1064 793 1147 proditum
838 1070 967 1142 est,
1030 1066 1101 1129 in
1150 1071 1335 1131 tanto
1385 1066 1687 1144 tumultu,
1737 1074 2063 1150 quantum
2111 1078 2316 1152 capta
2363 1068 2524 1132 urbs
2579 1068 2651 1134 iu

467 1166 773 1232 discursu
802 1166 1251 1252 diripientium
1282 1168 1567 1233 militum
1597 1169 1771 1233 ciere
1807 1175 2123 1254 poterat,⁵
2166 1170 2492 1234 intentum
2521 1168 2653 1233 for-

464 1269 643 1346 mis,o
682 1288 855 1352 quas
904 1270 976 1334 iu
1021 1269 1293 1353 pulvere
1342 1268 1802 1354 descripserat,
1845 1272 1936 1335 ab
1979 1271 2206 1353 ignaro
2232 1270 2466 1349 milite,
2497 1270 2651 1353 quis

468 1377 673 1448 esset,
714 1370 1179 1437 intersectum:
1224 1390 1401 1455 aegre
1430 1371 1502 1436 id
1535 1371 1932 1437 Marcellum
1961 1371 2220 1449 tulisse,
2262 1373 2654 1454 sepulturae-

468 1492 601 1556 que
626 1491 853 1537 curam
884 1473 1220 1555 habitam3
1264 1480 1335 1539 et
1353 1474 1754 1558 propinquis
1775 1476 2025 1539 etiam?
2051 1472 2388 1557 inquisitis
2413 1472 2654 1537 honori

463 1574 920 1660 praesidioque
946 1594 1187 1640 nomen
1214 1580 1297 1640 ac'
1318 1576 1696 1640 memoriam
1721 1575 1870 1659 ejus
1891 1574 2120 1639 fuisse.
2181 1574 2344 1640 Hoc
2365 1573 2656 1638 maxime

466 1678 670 1742 modo
731 1678 1089 1763 Syracusae
1148 1683 1415 1761 captae:
1476 1679 1543 1741 in
1593 1678 1839 1759 quibus
1891 1675 2140 1759 praedae
2195 1681 2446 1741 tantum
2502 1674 2656 1752 fuit,

469 1786 787 1863 quantum
810 1782 929 1847 vix
958 1786 1163 1865 capta
1182 1779 1579 1861 Carthagine
1612 1787 1752 1843 tum
1782 1779 2043 1853 fuisset,
2074 1796 2226 1842 cum
2250 1796 2385 1860 qua
2401 1775 2656 1841 viribus

471 1884 687 1967 aequis
733 1885 1125 1950 certabatur.
1230 1882 1484 1948 Paucis
1532 1888 1680 1948 ante
1719 1882 1990 1959 diebus,
2052 1900 2255 1965 quam
2300 1882 2656 1963 Syracusae

468 1993 889 2069 caperentur,
934 1984 1020 2049 Τ.
1073 1985 1410 2050 Otacilius
1468 2003 1622 2048 cum
1669 1984 2260 2069 quinqueremibus
2309 1982 2658 2065 octoginta

468 2086 747 2165 Uticam
780 2088 868 2150 ab
898 2087 1205 2169 Lilybaeo
1232 2084 1623 2155 transmisit,
1651 2092 1746 2161 et,
1775 2104 1928 2148 cum
1955 2090 2104 2149 ante
2131 2083 2354 2148 lucem
2386 2091 2656 2166 portum

470 2182 818 2265 intrasset,
866 2186 1209 2249 onerarias
1254 2184 1588 2248 frumento
1639 2190 1912 2249 onustas
1955 2186 2175 2267 cepit3
2219 2204 2656 2267 egressusque

470 2288 541 2352 in
590 2292 851 2364 terram,
896 2283 1350 2369 depopulatus
1384 2290 1489 2347 est
1524 2284 1940 2367 aliquantum
1971 2286 2112 2369 agri
2142 2286 2326 2351 circa
2357 2286 2658 2366 Uticam,

470 2387 903 2472 praedamque
930 2386 1149 2452 omnis
1177 2385 1436 2469 generis
1466 2392 1646 2449 retro
1679 2384 1766 2450 ad
1794 2403 2006 2451 naves
2027 2387 2186 2470 egit.
2277 2386 2658 2471 Lilybaeum

471 2491 667 2555 tertio
696 2489 827 2567 die,
869 2508 1071 2573 quam
1100 2486 1258 2552 inde
1286 2486 1626 2571 profectus
1667 2494 1836 2565 erat,
1881 2507 2034 2553 cum
2081 2494 2338 2554 centum
2391 2488 2662 2569 triginta

472 2592 787 2657 onerariis
812 2592 1098 2655 navibus
1123 2589 1455 2654 frumento
1479 2588 1845 2671 proedaque
1889 2591 2154 2655 onustis
2182 2591 2420 2670 rediit3
2461 2590 2662 2673 idque

470 2692 871 2758 frumentum
916 2690 1257 2774 extemplo
1306 2689 1680 2772 Syracusas
1731 2691 1939 2755 misit.
2024 2688 2234 2767 Quod
2283 2692 2356 2755 ni
2403 2696 2544 2756 tam
2587 2691 2659 2755 in

472 2802 769 2878 tempore
790 2794 1236 2869 subvenisset,
1256 2790 1632 2857 victoribus
1649 2792 1986 2875 victisque
2010 2793 2256 2873 pariter
2275 2791 2664 2874 perniciosa

473 2893 685 2959 fames
714 2893 1035 2957 instabat.

560 2996 673 3059 32.
734 2992 993 3059 Eadem
1051 2997 1289 3057 aestate
1343 2992 1411 3055 in
1468 2990 1836 3076 Hispania,
1906 3012 2060 3058 cum
2123 2991 2396 3057 biennio
2455 2990 2660 3057 ferme

477 3096 641 3163 nihil
684 3094 1042 3163 admodum
1082 3094 1513 3159 memorabile
1540 3092 1791 3159 factum
1819 3102 2027 3173 esset,
2071 3094 2496 3178 consiliisque
2522 3112 2660 3160 ma-

1398 3257 1463 3278 00

1675 3256 1764 3278 000

478 3361 733 3425 Syracusis
751 3362 977 3437 pertinet
998 3359 1135 3421 conj.
1168 3355 1351 3408 Gron?
1385 3356 1590 3434 Rapere.
1623 3356 1741 3407 Vid.
1781 3356 1906 3408 Not.
1946 3357 2074 3405 var.
2077 3360 2174 3405 -4
2209 3354 2666 3421 Olimiegebatnr‚

482 3427 605 3474 Cam
644 3426 795 3474 mata
832 3424 940 3484 ire,
980 3424 1129 3472 mlta
1168 3422 1363 3471 inuidia
1398 3420 1723 3484 aum-itiaque.
1726 3427 1821 3471 -6
1855 3419 2062 3471 Wakef.
2097 3419 2162 3469 ad
2204 3421 2370 3470 Lucre
2376 3429 2414 3470 t.
2453 3434 2516 3471 rr.
2551 3424 2667 3469 0⁴2.

476 3490 683 3659 md.
712 3492 919 3601 ganam
952 3492 1105 3551 capta
1137 3486 1307 3536 urbis.
1368 3486 1519 3535 κέατ’
1552 3490 1760 3549 pota-at,
1790 3486 1910 3551 quia
1947 3487 1998 3535 in
2034 3484 2271 3549 piuribua
2311 3486 2443 3536 Mra.
2475 3485 2667 3549 legitur

652 3566 713 3603 ur
742 3554 801 3603 ir.

1465 3661 1681 3714 Nom-3

482 3780 721 3844 reptione
742 3790 956 3841 sperare
979 3779 1177 3841 postet,
1200 3772 1297 3825 sibi
1322 3779 1411 3824 aut
1432 3774 1535 3823 rei·
1678 3779 1706 3815 P
1740 3774 1808 3825 Ee
1823 3773 2102 3837 propinquis
2117 3770 2288 3838 estam]
2322 3772 2486 3826 Notat
2516 3772 2676 3830 Grut.

484 3856 705 3919 publico
739 3855 981 3903 Romanae
1002 3865 1105 3901 nou
1137 3848 1355 3913 perinde
1392 3848 1537 3901 cordi
1617 3862 1794 3899 aacraa
1817 3857 1874 3898 et
1893 3850 2038 3913 quasi
2055 3848 2375 3899 invioiabilea
2397 3864 2510 3903 ease
2529 3852 2671 3903 inter

482 3946 616 3996 eoae,
637 3946 700 3981 ao
720 3930 935 3991 gloriam
955 3942 1109 3993 quam
1124 3932 1435 3977 consecutus
1452 3925 1541 3989 sit,
1617 3924 1761 3975 bella
1795 3925 1970 3975 litora·
2012 3932 2068 3977 et
2111 3926 2377 3979 literarum
2419 3936 2671 3978 amantea.

484 4008 623 4073 qnod
650 4006 876 4070 potnerit
896 4011 1093 4055 tantam
1110 4004 1289 4054 urbem
1312 4016 1521 4067 capere.
1621 4002 1772 4051 Facit
1803 4002 2096 4065 exemplum
2132 4001 2433 4059 Alexandri,
2455 4002 2672 4052 Pindari

546 4091 573 4116 ⁰
604 4080 1051 4145 lateatamsorau's]
1081 4079 1376 4140 schemata,
1394 4085 1452 4127 et
1478 4076 1539 4127 fr-
1619 4076 1774 4127 domo
1803 4084 1858 4127 et
1881 4078 2180 4143 propinquis
2202 4077 2252 4128 in
2280 4078 2571 4131 Thebarum
2592 4077 2672 4128 di·

484 4172 641 4225 gnra·
676 4156 1063 4207 mathematica·
1080 4155 1357 4209 formarum
1377 4153 1539 4205 nomi·
1620 4154 1856 4218 reptione
1877 4153 2114 4204 servatis.

384 4224 389 4233 ’
486 4248 553 4285 ne
570 4232 821 4295 Intellige.
