3159 4934
631 383 808 448 2152
1554 387 1638 441 '⁴1'-
1687 321 1879 443 mvn

636 539 856 607 cuivis
884 537 1103 602 facere
1131 541 1375 620 potest,
1400 535 1562 600 mihi
1594 536 1724 602 hoc
1753 535 2128 620 imperium,
2147 539 2220 600 ut
2247 535 2544 619 amplum
2565 533 2856 618 judicio

633 647 885 718 vestro,
914 641 1013 704 ita
1040 659 1111 705 re
1136 641 1292 722 ipsa
1316 658 1515 720 grave
1546 660 1628 704 ac
1657 639 1990 703 solicitum
2019 657 2198 703 esse.
2269 635 2430 718 Quo
2463 638 2640 700 enim
2669 647 2864 700 tem·

633 765 816 830 pore,
846 745 981 809 nisi
1031 746 1245 807 metus
1292 759 1647 806 moerorem
1677 741 2240 823 obstupefaceret,
2271 741 2393 805 vix
2423 740 2520 804 ita
2543 757 2862 822 compos

632 848 765 911 mei
794 863 1031 918 essem,
1062 852 1139 907 ut
1167 842 1403 924 aliqua
1432 842 1684 906 solatia
1711 841 2015 904 invenire
2041 859 2220 922 oegro
2251 842 2478 906 animo
2511 859 2806 923 possem
2837 861 2860 920 3

634 967 843 1031 cogor
890 954 1179 1011 vestram
1216 945 1512 1008 omnium
1557 944 1776 1007 vicem
1803 942 2019 1026 (quod
2051 941 2508 1006 difficillimum
2545 943 2614 1005 in
2644 942 2862 1006 luctu

634 1047 776 1133 est)
796 1067 969 1112 unns
996 1045 1339 1111 consulere
1362 1068 1377 1107 ε
1400 1050 1479 1094 ³⁴
1508 1048 1577 1108 et
1605 1063 1690 1107 ne
1720 1051 1863 1106 tum
1883 1041 2182 1126 quidem,
2208 1041 2342 1120 ubi,
2367 1061 2660 1124 quonam
2691 1063 2852 1106 mo-

634 1152 723 1216 do
776 1149 903 1214 has
955 1149 1279 1230 reliquias
1331 1146 1612 1210 duorum
1672 1144 2094 1208 exercituum
2145 1143 2384 1226 patriae
2435 1162 2854 1208 conservare

632 1252 917 1336 possim,
948 1247 1373 1331 cogitandum
1402 1254 1527 1323 est,
1560 1255 1858 1311 avertere
1898 1246 2183 1310 animum
2219 1246 2304 1309 ab
2343 1245 2621 1308 assiduo
2665 1265 2849 1310 moe-

633 1371 783 1417 rore
813 1352 1033 1416 libet.⁵
1057 1359 1085 1400 Ρ
1175 1349 1445 1414 Praesto
1476 1356 1581 1413 est
1609 1349 1783 1412 enim
1817 1349 2061 1412 acerba
2089 1349 2431 1424 memoria,
2467 1354 2540 1410 et
2569 1347 2850 1430 Scipio-

635 1473 755 1518 nes
784 1474 892 1518 mc
932 1455 1132 1518 ambo
1156 1451 1303 1516 dies
1332 1456 1702 1533 noctesque
1732 1449 1914 1513 curis
1956 1449 2446 1532 insomniisque
2479 1450 2734 1531 agitant
2771 1456 2848 1513 et

634 1555 935 1620 excitant
952 1573 1138 1636 saepe
1158 1572 1393 1617 somno
1417 1572 1434 1632 ;
1466 1570 1592 1615 neu
1616 1570 1710 1628 se,
1740 1570 1866 1614 neu
1884 1550 2170 1617 invictos
2195 1569 2318 1632 per
2338 1560 2497 1614 octo
2516 1569 2733 1615 annos
2763 1553 2842 1615 in

632 1657 740 1720 his
770 1657 959 1721 terris
990 1656 1239 1720 milites
1270 1673 1452 1730 suos»,
1485 1651 1977 1718 commilitones
2004 1658 2285 1729 vestro-⁰„
2329 1672 2462 1716 neu
2495 1672 2632 1718 rem
2663 1655 2840 1736 pub·

632 1757 839 1822 licam
863 1759 1086 1840 patiar
1126 1757 1429 1832 inultam,
1448 1762 1519 1818 et
1546 1773 1737 1820 suam
1766 1753 2194 1837 disciplinam
2225 1773 2488 1838 suaque
2527 1757 2844 1822 instituta

636 1859 827 1940 sequi
852 1857 1128 1941 jubent;
1175 1861 1267 1934 et,
1316 1862 1393 1919 nt
1440 1851 1790 1938 imperiis⁶
1833 1854 2138 1920 vivorum
2185 1872 2382 1918 nemo
2413 1856 2838 1920 obedientior

633 1979 743 2022 me
792 1977 925 2021 uno
974 1957 1191 2031 fuerit,
1240 1958 1339 2036 ita
1388 1962 1547 2038 post
1593 1964 1870 2019 mortem
1924 1975 2138 2034 suam,
2200 1956 2385 2040 quod
2440 1976 2712 2042 quaque
2763 1961 2840 2022 in

634 2079 703 2122 re
725 2058 1021 2123 facturos
1066 2057 1224 2121 illos
1252 2057 1461 2121 fuisse
1513 2055 1812 2120 maxime
1852 2075 2180 2133 censeam,
2229 2058 2302 2121 id
2354 2060 2680 2141 optimum
2715 2061 2834 2126 du-

632 2179 806 2226 cere.
896 2157 1047 2224 Vos
1073 2178 1339 2243 quoque
1366 2158 1588 2237 velim,
1635 2158 1904 2235 milites,
1957 2178 2086 2223 non
2132 2159 2837 2245 lamentis-lacrymis-

634 2283 765 2347 que
802 2267 1125 2345 tanquam
1166 2261 1499 2323 extinctos
1540 2261 1888 2342 prosequi,
1915 2259 2185 2342 (vivunt
2216 2261 2622 2344 vigentque⁷
2653 2264 2835 2328 fama

633 2381 847 2427 rerum
890 2363 1283 2442 gestarum,)
1326 2357 1471 2434 sed,
1520 2359 2082 2442 quotiescumque
2141 2370 2451 2426 occurret
2495 2367 2832 2430 memoria

633 2463 918 2540 illorum,
962 2461 1146 2525 velut
1190 2461 1252 2524 si
1316 2458 1746 2523 adhortantes
1805 2461 2198 2546 signumque
2244 2463 2487 2528 dantes
2539 2464 2830 2530 videatis

634 2583 779 2640 eoS,
811 2565 908 2627 ita
935 2561 1174 2644 praelia
1200 2560 1385 2624 inire.
1446 2559 1630 2624 ›Nec
1660 2559 1798 2624 alia
1825 2561 2128 2644 profecto
2176 2565 2465 2646 species,
2515 2564 2832 2631 hesterno

634 2664 741 2729 die
772 2664 987 2728 oculis
1022 2662 1394 2744 animisque
1422 2663 1659 2727 vestris
1688 2662 1940 2738 oblata,
1968 2665 2404 2730 memorabile
2433 2665 2601 2730 illud
2623 2667 2832 2732 edidit

634 2766 983 2851 praelium3
1059 2783 1197 2848 quo
1246 2764 1720 2829 documentum
1762 2763 2046 2830 dedistis
2098 2764 2437 2843 hostibus,
2485 2786 2621 2832 non
2677 2787 2830 2832 cnm

634 2867 1071 2951 Scipionibus
1126 2865 1495 2930 extinctum
1548 2883 1704 2928 esse
1753 2882 2001 2929 nomen
2037 2864 2451 2945 Romanum,
2503 2875 2599 2945 et,
2637 2869 2828 2952 cnjus

632 2969 875 3050 populi
906 2967 1015 3031 vis
1043 2969 1243 3046 atque
1272 2964 1491 3027 virtus
1535 2981 1670 3026 non
1716 2964 1957 3028 obruta
1986 2965 2074 3029 sit
2109 2964 2444 3032 Cannensi
2490 2969 2706 3048 clade,
2737 2987 2828 3034 ex

634 3067 817 3130 omni
855 3061 1158 3147 profecto
1209 3063 1477 3127 saevitia
1522 3062 1814 3128 fortunae
1859 3082 2264 3132 emersuram
2307 3069 2514 3134 esse.⁸
2607 3069 2826 3150 Nunc,

635 3167 794 3250 quia
839 3171 1093 3230 tantum
1143 3165 1295 3228 ausi
1326 3165 1493 3228 estis
1520 3169 1763 3258 sponte
1792 3171 2037 3246 vestra,
2080 3169 2375 3252 experiri
2402 3171 2592 3250 libet,
2620 3191 2826 3256 quan·

692 3337 721 3373 P
756 3329 955 3380 Necesse
976 3333 1045 3379 est
1064 3333 1117 3379 ια
1139 3329 1263 3379 solua
1282 3330 1379 3380 loco
1399 3330 1608 3380 omnium
1627 3336 1838 3382 vestrum
1855 3334 2137 3398 prospiciam
2155 3333 2296 3384 rebus
2315 3335 2508 3384 muris.

681 3591 729 3644 ,⁸
765 3587 852 3638 Al.
886 3594 1144 3639 noctur-mu
1179 3603 1330 3639 error.
1394 3587 1517 3637 vid.
1555 3590 1684 3639 Not.
1716 3590 1945 3641 Van—4
1977 3591 1992 3620 ‘
2019 3592 2266 3641 consolari
2301 3590 2438 3642 Edd.
2470 3591 2678 3655 plurimi
2699 3599 2820 3642 anto

632 3652 799 3701 Gron.
820 3655 959 3716 quod
982 3667 1047 3701 ex
1070 3654 1148 3702 his
1170 3653 1353 3719 quibus
1375 3659 1494 3702 utor
1515 3653 1734 3715 primurn
1757 3655 1809 3705 in
1829 3656 2018 3704 Venet-
2043 3659 2189 3705 15⁰1.
2213 3656 2435 3711 invenio,
2459 3657 2550 3704 sed
2574 3665 2704 3720 puto
2716 3658 2820 3721 jun

634 3717 711 3764 itu
733 3714 927 3764 editum
951 3716 1108 3766 fnisse
1132 3719 1182 3768 in
1208 3719 1397 3766 Vener.
1418 3719 1563 3766 1⁴91.
1597 3720 1835 3768 consulere
1857 3721 1906 3767 b.
1927 3719 1963 3768 1.
1985 3719 2226 3768 absolute
2243 3721 2466 3784 positum
2493 3728 2596 3775 est,
2621 3735 2715 3782 pro
2733 3721 2822 3770 de·

630 3778 875 3834 liberare,
897 3781 1156 3829 consilium
1176 3780 1399 3841 capere?
1429 3780 1712 3831 sverm—⁶
1748 3783 1904 3832 Malit
1918 3783 1973 3834 J.
1997 3783 2056 3832 F.
2080 3783 2310 3833 Gronov.
2329 3784 2454 3839 lieet,
2474 3784 2660 3848 probb.
2689 3787 2820 3834 Doe-

632 3843 765 3902 ring.
785 3849 840 3890 et
864 3842 1180 3906 Rupere—6
1213 3843 1335 3893 vid.
1358 3844 1487 3893 Not.
1514 3845 1735 3894 Van—⁷
1771 3844 1854 3895 ΑΙ.
1875 3847 2040 3895 vivunt
2073 3848 2198 3896 enim
2219 3849 2582 3910 vigentque-8
2617 3849 2632 3876 ‘
2657 3849 2821 3898 Em·

628 3921 792 3956 aarum
812 3907 1010 3955 Tau-vis.
1033 3917 1086 3955 et
1109 3908 1195 3956 all.
1222 3915 1348 3959 vett.
1373 3917 1516 3956 certe
1542 3911 1753 3970 vulgata
1777 3911 2002 3960 lectione
2025 3912 2252 3960 nonnihil
2279 3909 2534 3972 offendor,
2555 3913 2818 3976 magisque

634 3971 901 4020 Livianum
920 3970 1143 4032 videtur,
1166 3970 1345 4022 addito
1367 3975 1673 4035 pronomine
1695 3989 1708 4021 τ
1731 3989 1834 4024 eom
1853 3989 1915 4024 ea:
1935 3974 2061 4044 omni
2077 3989 2130 4038 p.
2147 3973 2388 4034 raeuitias.
2407 3989 2690 4026 emersuram
2706 3991 2818 4028 em.

1618 4087 1668 4136 N
1673 4087 1832 4138 0⁰1*AE

691 4187 719 4219 r>
752 4175 918 4239 Liber]
966 4176 1199 4226 Suadent
1242 4180 1516 4244 sequentia
1559 4181 1683 4230 scri·
1763 4183 1840 4232 vis
1865 4183 2270 4249 repugnantibus
2291 4182 2454 4233 libris.

630 4253 855 4304 bendum
876 4253 1006 4318 licet,
1026 4259 1083 4304 ut
1107 4253 1337 4306 Gronov.
1358 4257 1484 4313 vult,
1507 4270 1682 4319 qnam·
