3159 4934
1125 334 1274 384 mn.
1319 333 1544 382 xxvi.
1590 333 1753 382 σω».
1794 317 1905 382 14.
2436 317 2608 385 2191

337 481 436 540 ut
467 474 753 542 deinde
781 477 852 541 in
881 486 1200 555 carcere,‘¹
1243 485 1358 544 aut
1387 479 1472 544 ad
1503 480 1728 563 palum
1772 477 2126 560 deligatus,
2156 477 2449 543 lacerato
2478 481 2610 544 vir-

341 575 478 657 gis
521 584 763 660 tergo,
805 578 1138 644 cervicem
1173 580 1396 643 securi
1446 579 1776 644 Romauae
1828 579 2225 664 subjiciam:
2268 597 2391 642 uec
2438 578 2611 644 dirui

340 673 804 764 incendique
847 682 1132 764 patriam
1183 679 1468 746 videbo:
1513 701 1637 747 uec
1680 682 1830 764 rapi
1876 681 1963 744 ad
2005 688 2307 764 stuprum
2362 686 2613 746 matres

343 775 797 863 Campanas
838 781 1252 866 virginesque
1294 791 1366 846 et
1411 782 1736 865 ingenuos
1770 801 2043 866 pueros.
2129 781 2405 860 Albam,
2432 781 2610 846 unde

343 878 518 960 ipsi
567 881 848 951 oriundi
885 887 1092 958 erant,
1139 901 1182 947 a
1231 881 1689 946 fundamentis
1733 886 2143 966 proruerunt,
2194 901 2281 946 ne
2330 880 2611 966 stirpis,¹

349 997 454 1044 ne
505 982 850 1046 memoria
881 983 1205 1066 originum
1239 1003 1506 1048 suarum
1551 989 1853 1048 extaret:
1912 982 2153 1048 nedum
2187 1002 2313 1047 eos
2344 982 2609 1066 Gapuae

349 1099 718 1162 parsuros
762 1083 1058 1161 credam,
1107 1086 1218 1150 cui
1261 1083 1664 1162 infestiores,
1710 1103 1915 1169 quam
1968 1083 2378 1167 Carthagini,
2426 1091 2609 1150 sunt.

349 1181 645 1267 Itaque
675 1184 926 1268 quibus
959 1191 1248 1250 vestrum
1278 1192 1434 1251 ante
1462 1185 1605 1251 fato
1631 1185 1894 1263 cedere,
1926 1205 2130 1269 quam
2154 1183 2307 1251 haec
2338 1190 2435 1251 tot
2464 1191 2607 1250 tam

353 1286 692 1350 acerba²
738 1285 1028 1360 videant,
1072 1287 1142 1351 in
1185 1288 1406 1353 anime
1459 1294 1586 1365 est,
1646 1289 1733 1352 iis
1772 1289 1957 1373 apud
2013 1307 2119 1354 me
2162 1287 2356 1353 hodie
2393 1284 2615 1371 epulae

349 1386 741 1454 instructae
774 1395 1174 1472 parataeque
1206 1395 1382 1455 sunt.
1471 1390 1757 1454 Satiatis
1786 1391 1941 1455 vino
1973 1391 2260 1474 ciboque
2288 1389 2611 1472 poculum

351 1487 600 1567 idem,
631 1488 813 1572 quod
841 1489 1006 1554 mibi
1037 1491 1273 1555 datum
1313 1491 1534 1566 fuerit,
1558 1491 2103 1556 circumferetur:
2150 1509 2229 1554 ea
2256 1491 2441 1574 potio
2465 1507 2612 1554 cer-

359 1607 521 1672 pus
583 1590 672 1653 ab
715 1591 1042 1668 cruciatu,
1083 1592 1375 1656 animum
1415 1609 1458 1654 a
1502 1591 1951 1669 contumeliis,
1999 1591 2267 1670 oculos,
2310 1610 2533 1667 aures,
2564 1609 2611 1656 a

364 1691 708 1756 videndis
759 1691 1246 1778 audiendisque
1293 1694 1607 1758 omnibus
1659 1695 1923 1760 acerbis
1973 1692 2422 1776 indignisque,
2452 1706 2608 1776 quae

361 1801 666 1857 manent
695 1793 942 1872 victos,
973 1794 1368 1860 vindicabit.
1432 1795 1664 1860 Parati
1693 1803 1909 1873 erunt,
1942 1795 2322 1880 quimaguo
2354 1810 2515 1876 rogo
2534 1794 2607 1858 in

363 1891 750 1977 propatulo
781 1895 1030 1960 aedium
1058 1915 1346 1961 accenso
1373 1913 1665 1979 corpora
1694 1897 2009 1961 exanima
2036 1895 2355 1980 injiciant.
2422 1893 2607 1960 Hoeo

369 2013 531 2059 una
553 1996 665 2060 via
694 2001 764 2061 et
789 1996 1079 2063 honesta
1109 2003 1178 2063 et
1219 1997 1435 2062 libera
1465 1997 1552 2062 ad
1581 2003 1885 2063 mertem.
1978 1996 2069 2061 Et
2112 1995 2249 2080 ipsi
2287 1995 2605 2060 virtutem

369 2095 813 2162 mirabuntur
859 2098 1113 2176 hostes,
1161 2107 1234 2164 et
1277 2097 1632 2166 Hannibal
1665 2097 1871 2164 fortes
1908 2098 2136 2163 socios
2188 2097 2358 2161 sciet
2402 2098 2489 2161 ab
2520 2115 2601 2162 se

376 2195 702 2266 desertos
731 2217 814 2265 ac
842 2199 1144 2282 proditos
1176 2194 1372 2264 esse!

479 2299 592 2364 14.
636 2299 840 2366 Hanc
865 2301 1238 2367 orationem
1273 2297 1474 2364 Virrii
1501 2306 1522 2346 ³
1565 2299 1793 2382 plures
1814 2297 2172 2364 audierunt
2194 2315 2469 2364 cumass
2484 2318 2597 2363 en-

374 2420 492 2479 su,
523 2420 724 2484 quam
753 2401 906 2467 forti
927 2403 1153 2469 animo
1176 2401 1270 2478 id,
1295 2399 1478 2486 quod
1501 2402 1900 2484 probabant,
1924 2400 2169 2484 exequi
2194 2402 2597 2483 potuerunt!

385 2501 624 2586 Major
660 2520 820 2586 pars
865 2511 1162 2581 senatus,
1207 2500 1430 2567 multis
1475 2519 1667 2584 saepe
1714 2501 1908 2566 bellis
1958 2509 2309 2585 expertam
2351 2501 2597 2585 populi

377 2602 683 2669 Romani
730 2603 1148 2670 clementiam
1187 2602 1367 2667 baud
1413 2601 1787 2667 diffidentes
1818 2602 1952 2668 sibi
1979 2622 2253 2687 quoque
2283 2602 2594 2686 placabi-

371 2703 518 2768 lem
553 2687 728 2780 ἴοι-οξ
760 2704 1014 2789 legatos
1053 2705 1142 2769 ad
1195 2703 1560 2768 dedendam
1591 2703 1915 2767 Romanis
1943 2704 2243 2786 Capuam
2275 2704 2593 2769 decreve-

375 2810 536 2870 runt
561 2807 1037 2889 miseruntque.
1096 2801 1382 2868 Vibium
1413 2801 1707 2867 Virrium
1736 2808 1995 2886 septem
2023 2810 2091 2868 et
2120 2797 2359 2886 viginti
2383 2803 2590 2870 ferme

378 2911 736 2972 senatores
763 2907 1037 2970 domum
1067 2906 1284 2970 secuti
1315 2911 1474 2970 sunt
1501 2905 1893 2990 epulatique
1924 2925 2078 2971 cum
2097 2925 2215 2986 θος
2260 2913 2345 2984 et,
2378 2926 2589 2990 quan-

381 3013 528 3072 tum
556 3007 773 3071 facere
789 3013 820 3054 4
863 3012 1236 3091 potuerant,
1267 3006 1574 3073 alienatis
1594 3009 1927 3074 mentibus
1952 3009 2107 3075 vino
2129 3009 2215 3075 ab
2238 3009 2582 3077 imminen-

381 3109 712 3174 tis‘sensu
737 3109 918 3186 mali,
947 3129 1271 3176 venenum
1297 3128 1529 3175 omnes
1555 3116 1969 3176 sumserunt:
2016 3111 2169 3176 inde
2187 3113 2395 3177 misso
2423 3131 2579 3177 con-

451 3292 476 3326 *
503 3292 628 3344 Auni
645 3299 758 3344 mt
777 3293 964 3357 exequi.

1312 3401 1655 3422 OmmOOu

379 3523 492 3572 ltine
525 3521 577 3570 iu
610 3519 914 3585 quibusdam
937 3519 1070 3572 Edd.
1096 3533 1278 3584 quoque
1299 3519 1574 3570 inseritur?
1609 3519 1940 3582 Doern‘ng.—1
1980 3516 1997 3545 ‘
2018 3517 2175 3566 Forte
2212 3531 2243 3567 e
2274 3515 2580 3583 quibusdam

375 3586 830 3702 :322‘3t22eg:
858 3585 1004 3649 stirps
1020 3601 1041 3644 ,-
1079 3593 1172 3636 aut
1199 3585 1409 3652 antique
1427 3587 1684 3651 scriptum
1716 3583 1819 3635 fuit
1838 3582 2048 3647 stirpen?
2084 3583 2339 3632 Crem—2
2370 3581 2457 3633 ΑΙ.
2479 3585 2581 3634 ἡασ

1367 3777 1591 3830 ΝΟΤΙΕ

442 3884 472 3920 a
504 3873 572 3926 Ut
609 3875 778 3925 deinde
817 3874 872 3924 ia
911 3875 1120 3939 earcere]
1167 3875 1298 3926 Haec
1337 3874 1436 3928 fuit
1514 3889 1640 3940 pore
1652 3873 1999 3940 quassos-isin
2011 3873 2271 3936 Capitolio
2285 3875 2579 3930 celebratis,

377 3953 726 4004 Romanorum
749 3951 1178 4014 triumphantium
1215 3951 1436 4002 crudeli·
1513 3953 1705 4017 gratian
1727 3950 1795 4000 ob
1817 3950 2088 4000 victoriam
2112 3949 2228 3998 Diis
2259 3951 2503 4014 agebant,
2523 3951 2579 4001 in

377 4037 480 4086 tas,
501 4033 562 4076 ut
583 4026 720 4076 beno
749 4034 952 4089 captos,
975 4033 1245 4090 postquam
1269 4027 1322 4074 in
1343 4027 1436 4076 tri·
1511 4040 1725 4077 earcere
1746 4024 1858 4076 fere
1868 4025 2171 4090 jugularent
2190 4041 2206 4085 ς
2236 4025 2395 4074 duces
2416 4024 2577 4076 etiam

379 4104 622 4166 nimpham
673 4101 738 4150 ad
794 4103 1146 4163 spectaculum
1207 4102 1436 4166 religatis
1511 4101 1735 4152 hosii-nn
1756 4113 1819 4150 ac
1838 4113 2011 4165 reges,
2026 4099 2126 4150 nisi
2144 4113 2203 4150 se
2218 4099 2344 4150 data
2366 4097 2469 4151 fide
2486 4099 2577 4152 de·

377 4189 528 4244 tergo
548 4177 782 4230 mnibus
802 4176 1078 4237 duxerunt,
1099 4177 1282 4230 eodem
1307 4185 1437 4230 tem·
1516 4175 1789 4230 didit-em.
