3159 4934
913 410 923 420 ’
1044 443 1186 491 mn.
1237 442 1478 493 xxm.
1524 446 1688 493 cnr.
1728 430 1840 494 39.
2334 378 2536 497 α196]

347 588 692 653 certiorem
740 586 1030 652 faceret:
1077 588 1289 671 isque,
1321 588 1402 652 L.
1431 589 1728 673 Apustio
1770 590 1996 673 legato
2021 590 2345 657 exercitui
2374 612 2545 677 prae-

345 691 600 775 posito,
629 689 993 754 Tarentum
1025 688 1111 753 ad
1139 690 1424 755 classem
1457 691 1816 774 profectus,
1844 692 2059 775 primo
2087 713 2355 777 quoque
2386 700 2549 759 tem-

345 812 508 877 pore
558 794 633 855 in
681 791 1159 856 Macedoniam
1209 793 1720 859 transmitteret:
1768 794 2087 877 daretque
2130 814 2425 877 operam,
2474 804 2551 859 ut

347 892 752 977 Philippum
779 893 851 957 in
881 910 1082 973 regno
1116 894 1503 957 contineret.
1594 892 1901 959 Pecunia
1930 894 2013 959 ad
2047 895 2327 960 classem
2358 910 2547 961 tuen-

351 994 502 1059 dam
547 994 938 1077 bellumque
987 992 1503 1057 Macedonicum
1545 1012 1631 1058 ea
1678 994 1946 1060 decreta
1988 998 2177 1073 est,¹4
2213 1016 2366 1080 quae
2413 996 2554 1081 Ap.

351 1094 644 1160 Claudio
671 1097 739 1159 in
769 1094 1070 1159 Siciliam
1101 1094 1312 1159 missa
1342 1104 1505 1171 erat,
1527 1101 1609 1159 ut
1632 1095 2029 1161 redderetur
2061 1096 2347 1167 Hieroni
2377 1099 2549 1179 regi:

349 1216 434 1261 ea
459 1215 586 1279 per
613 1195 700 1259 L.
729 1193 1084 1280 Apustium
1117 1197 1408 1279 legatum
1431 1197 1798 1262 Tarentum
1833 1204 1937 1262 est
1966 1197 2268 1264 devecta.
2337 1201 2552 1263 Simul

352 1299 439 1361 ab
469 1296 774 1361 Hierone
817 1296 1028 1361 missa
1057 1297 1338 1363 ducenta
1366 1299 1582 1363 millia
1631 1298 1926 1363 modium
1980 1300 2181 1364 tritici
2222 1309 2291 1364 et
2321 1300 2553 1364 hordei

357 1406 644 1463 eentum.

435 1500 546 1565 39.
592 1500 780 1564 Dum
807 1498 956 1564 haec
989 1498 1282 1565 Romani
1331 1508 1570 1582 parant
1622 1506 1983 1583 aguntque,
2030 1502 2116 1565 ad
2158 1501 2552 1587 Philippum

357 1603 633 1684 captiva
659 1600 875 1681 navia,
911 1620 1048 1665 una
1093 1619 1186 1665 ex
1229 1602 1340 1679 iis,
1389 1620 1542 1684 quae
1594 1600 1888 1665 Romam
1935 1602 2165 1666 missae
2210 1610 2419 1681 erant,
2466 1622 2555 1668 ex

357 1722 554 1767 eursu
601 1700 952 1783 tetingin„
1003 1701 1162 1765 inde
1217 1704 1485 1780 scitum,
1527 1702 1791 1783 legatos
1838 1722 1989 1766 cum
2033 1704 2251 1769 literis
2295 1714 2558 1788 captos.

359 1804 604 1886 Itaque
653 1804 920 1885 ignarus
961 1802 1048 1868 de
1090 1801 1298 1881 iis,¹⁶⁸
1325 1820 1478 1887 quae
1521 1822 1675 1868 cum
1710 1802 2099 1870 Hannibale
2136 1805 2373 1888 legatis
2417 1808 2557 1870 suis

359 1907 852 1984 convenissent,
903 1924 1190 1990 quaeque
1234 1906 1443 1987 legati
1487 1906 1635 1988 ejus
1682 1906 1767 1969 ad
1818 1925 1893 1971 se
1939 1906 2198 1972 allaturi
2246 1908 2554 1985 fuissent,

358 2006 756 2089 legationem
805 2008 1004 2071 aliam
1051 2026 1203 2072 cum
1249 2007 1506 2073 eisdem
1576 2006 1913 2073 mandatis
1980 2008 2207 2073 mittit.
2320 2009 2559 2092 Legati

361 2108 448 2172 ad
507 2107 956 2175 Hannibalem
1015 2109 1226 2185 missi,
1289 2109 1709 2185 Heraclitus,
1782 2109 1889 2173 cui
1959 2110 2240 2175 Scotino
2310 2130 2559 2192 cogno·

361 2228 513 2275 men
572 2217 745 2287 erat,
807 2216 878 2275 et
938 2208 1120 2275 Crito
1178 2208 1530 2274 Beroeaeus
1552 2216 1607 2258 ¹⁷
1624 2216 1655 2253 5
1698 2215 1765 2273 et
1822 2208 2175 2273 Sositheus
2226 2208 2563 2292 Magnes.⁸

366 2310 466 2375 Hi
517 2329 840 2393 prospere
883 2311 1175 2375 tulerunt
1215 2328 1298 2374 ac
1335 2310 1703 2374 retulerunt
1744 2310 2085 2374 mandata.
2193 2308 2332 2374 Sed
2374 2311 2559 2393 prius

367 2432 444 2475 se
495 2418 708 2477 aestas
764 2414 1172 2495 circumegit,
1216 2430 1416 2495 quam
1483 2430 1751 2475 movere
1798 2431 1878 2475 ac
1926 2412 2145 2475 moliri
2194 2413 2560 2495 quicquam

365 2532 482 2577 rex
513 2519 790 2597 posset:
837 2519 1091 2578 tantum
1135 2514 1334 2578 navis
1377 2532 1508 2577 una
1550 2516 1747 2595 capta
1787 2532 1941 2576 cum
1972 2513 2207 2595 legatis
2246 2515 2563 2578 momenti

363 2614 524 2679 fecit
563 2614 648 2679 ad
692 2614 1088 2679 dilationem
1139 2614 1540 2678 imminentis
1596 2612 1927 2677 Romanis
1977 2614 2158 2677 belli.
2244 2614 2333 2680 Et
2381 2616 2563 2679 circa

367 2714 703 2800 Capuam,
731 2724 1146 2799 transgresso
1170 2713 1572 2779 Vulturnum
1623 2714 1841 2778 Fabio
1887 2724 2051 2797 post
2095 2716 2375 2798 expiata
2420 2722 2563 2779 tan·

369 2816 518 2881 dem
566 2816 901 2900 prodigia,
945 2818 1146 2882 ambo
1199 2815 1520 2881 consules
1569 2834 1703 2878 rem
1753 2815 2091 2895 gerebant.
2180 2813 2565 2897 Compulte-

367 2920 535 2983 riam
555 2918 653 2957 ¹⁸·
680 2926 747 2983 et
773 2918 1124 2983 Trebulam
1154 2922 1220 2982 et
1251 2916 1639 2993 Saticulam,
1686 2915 1904 2991 urbes,
1953 2934 2107 2998 quae
2153 2914 2240 2979 ad
2282 2914 2565 2981 Poenum

369 3148 478 3196 eine
500 3146 634 3197 Edd.
660 3147 728 3196 ab
751 3146 887 3198 Aldo
906 3147 970 3197 ad
993 3146 1292 3196 Druna—14
1330 3148 1396 3196 Ei
1415 3147 1605 3197 decreta
1641 3152 1712 3196 ent
1746 3145 1880 3196 Edd.
1908 3152 2028 3195 ante
2050 3145 2217 3195 (ΙΙ-οη.
2262 3160 2381 3195 mox
2407 3146 2459 3195 in
2483 3147 2565 3196 iis-

373 3209 490 3260 dem
513 3218 561 3263 ει
585 3213 685 3261 haee
703 3226 788 3277 per
807 3213 866 3262 Ia·
884 3212 1158 3275 Apustium.

439 3281 500 3326 1⁶
533 3275 621 3326 ΑΙ.
655 3292 719 3327 ea:
753 3290 896 3327 cam
915 3276 1202 3337 sugite-16
1233 3273 1250 3301 ‘
1275 3274 1321 3323 E
1341 3272 1470 3323 Mn.
1492 3272 1759 3336 probabile
1792 3273 1871 3335 fit,
1905 3287 2003 3337 pro
2024 3274 2083 3323 de
2102 3273 2167 3321 iic
2188 3273 2285 3335 leg.
2306 3272 2429 3321 rex!
2463 3275 2567 3322 Ru·

372 3348 510 3405 pert.
577 3340 700 3391 Vid.
737 3342 864 3391 Not.
900 3341 1157 3390 Van—1⁷
1190 3342 1206 3365 ⁸
1230 3338 1294 3389 Iu
1310 3339 1571 3401 plerisque
1597 3336 1731 3385 Edd.
1754 3338 1999 3399 Ber-mus,
2020 3336 2074 3385 in
2093 3336 2220 3385 Mea.
2244 3351 2369 3385 vero
2392 3337 2570 3394 Boeoia,

373 3406 630 3465 Βαναία,
673 3406 932 3467 Bienoris,
965 3403 1262 3459 Bou-metis,
1300 3401 1572 3452 Boeruotiu
1608 3407 1663 3450 et
1698 3402 1765 3451 al.
1804 3401 1939 3449 unde
1975 3398 2275 3447 Bromia-ius
2317 3400 2567 3461 suspicari

375 3470 560 3533 ponis,
601 3471 680 3518 vel
717 3484 834 3519 cum
871 3470 988 3521 Jac.
1029 3468 1260 3519 Gronov.
1291 3466 1551 3517 Bottiaia.
1636 3464 1850 3531 Oppida
1873 3464 2199 3513 Macedoniae
2224 3463 2419 3525 Bere-a,
2444 3464 2571 3512 Bro-

1365 3576 1582 3627 801·AE

441 3684 470 3711 ¹
503 3678 711 3739 lenam
741 3680 800 3728 de
827 3676 915 3740 iia]
945 3678 1128 3727 Ducta
1165 3688 1234 3725 ex
1267 3674 1432 3738 scrip·
1513 3688 1654 3725 cere.

375 3754 466 3816 tis,
487 3755 574 3818 qni
613 3754 800 3802 mendo
833 3766 938 3802 nou
960 3759 1161 3809 carent,
1183 3751 1432 3814 auspicio·
1576 3758 1599 3788 ⁸
1631 3748 1875 3799 Sositheus
1910 3746 2141 3812 Magnes]
2188 3748 2265 3798 Ex
2298 3750 2572 3813 Magnesia

378 3828 642 3885 ne,⁸cribi
677 3828 786 3877 vult
807 3828 1104 3877 Gronovius
1127 3840 1226 3876 non
1251 3827 1436 3891 impro-
1515 3827 1753 3876 nimirum
1795 3826 2076 3875 Thessaliae
2122 3827 2407 3889 provincia,
2453 3842 2569 3891 qnoe

377 3904 639 3960 habiliter,
657 3904 820 3966 itaque
835 3904 1034 3965 ignaru·
1050 3918 1142 3952 rex
1155 3917 1310 3967 ecqua
1331 3916 1438 3953 eum
1516 3913 1641 3954 tune
1664 3902 1759 3952 snb
1781 3902 2124 3953 Macedonum
2146 3902 2387 3966 imperio.

379 3979 652 4029 Hannibale
671 3980 821 4041 legati
839 3980 914 4029 ui
932 3979 1268 4029 conveniunt.
1580 3986 1606 4013 ⁸
1641 3979 2006 4042 Compulteriam
2031 3976 2447 4041 [Combulteriam]
2466 3980 2572 4028 Ubi

443 4064 466 4099 5
503 4056 642 4105 Crito
663 4058 904 4106 Beroeoens
927 4054 1205 4119 [Berroeroe]
1253 4054 1437 4106 Dictae
1514 4055 1585 4104 sit
1620 4056 1719 4104 hoc
1756 4054 2003 4119 oppidum
2039 4053 2266 4116 ignorari
2307 4056 2573 4104 Cluverius
2636 4112 2655 4127 .

377 4132 590 4181 videtur
609 4146 641 4182 a
657 4132 876 4193 Ber-ma,
899 4132 1007 4181 aive
1025 4131 1184 4181 Bero‘e'
1197 4130 1438 4180 Macedo·
1515 4130 1729 4182 fatetur.
1797 4132 2099 4180 Holsteuint
2122 4130 2577 4193 Communi-inarum

385 4208 486 4258 nio
519 4208 586 4258 ad
628 4207 840 4257 fluvium
867 4206 1260 4258 Haliacmonem
1290 4205 1438 4256 urbe.
1516 4207 1828 4256 mentionem
1850 4206 1961 4254 fieri
1982 4206 2033 4252 in
2056 4204 2227 4267 lapide
2246 4206 2460 4268 antiqno
2485 4206 2575 4269 qni

381 4284 797 4348 Quidamacripti
819 4283 1060 4334 videntur
1080 4283 1339 4335 Boeotium
1362 4283 1439 4333 di·
1519 4282 1739 4333 Caiatia
1785 4289 1953 4344 extat,
1996 4294 2061 4329 ex
2106 4280 2396 4329 Octaviano
2438 4282 2573 4329 Mel·

513 4366 692 4431 Delph.
715 4371 767 4416 et
794 4365 911 4416 Ver.
939 4366 1068 4415 Clas.
1404 4361 1590 4414 Livius.
2322 4365 2355 4408 6
2392 4360 2439 4407 N
