3159 4934
1121 424 1268 471 mn.
1315 422 1542 473 xx1v.
1588 422 1753 471 ost.
1800 406 1863 472 1.
2412 406 2582 473 1987

396 576 474 635 ut
497 564 921 632 excluderent
964 564 1052 631 ab
1101 568 1270 633 u‘rbe
1311 568 1477 650 fuga
1511 568 1911 651 dissipatos,
1952 574 2211 631 turmas
2252 566 2579 650 objecere.

396 671 560 737 Dux
620 668 784 750 ipse,
834 668 983 732 loco
1041 670 1384 752 superiore
1429 676 1659 752 capto,
1704 669 1875 734 uude
1894 676 1921 704 ²
1972 686 2169 749 agros
2218 662 2581 752 urbemque

392 777 639 857 posset
667 770 1081 852 conspicere,
1114 770 1528 835 Bruttiorum
1554 771 1891 836 cohortem
1920 770 2099 833 adire
2132 788 2351 833 muros
2382 775 2581 853 atque

390 889 680 937 evocare
731 870 1074 954 principes
1125 870 1560 935 Locrensium
1614 870 1701 935 ad
1747 870 2163 954 colloquium
2211 870 2439 952 Jussit,
2486 879 2577 945 et,

395 973 788 1056 pollicentes
846 972 1210 1037 amicitiam
1286 971 1724 1050 Hannibalis,
1788 971 2125 1035 adhortari
2190 971 2279 1035 ad
2348 972 2579 1034 urbem

395 1072 804 1138 tradendam.
894 1071 1184 1137 Bruttiis
1226 1072 1294 1137 in
1336 1073 1679 1156 colloquio
1724 1074 1969 1137 nullius
2012 1074 2107 1136 rei
2150 1071 2365 1155 primo
2408 1070 2577 1135 fides

395 1182 538 1239 est:
561 1187 588 1211 ·
609 1182 630 1221 ³
675 1173 915 1237 deiude
941 1179 1017 1237 ut
1047 1172 1300 1238 Poenus
1321 1174 1634 1257 apparuit
1652 1175 1723 1237 in
1744 1174 2054 1252 collibus,
2084 1180 2149 1238 et
2176 1173 2577 1254 refugientes

395 1275 594 1359 pauci
624 1275 818 1340 aliam
851 1294 1110 1340 omnem
1140 1276 1621 1341 multitudinem
1650 1278 1716 1340 in
1748 1280 2085 1359 potestate
2112 1276 2401 1340 hostium
2424 1294 2577 1339 esse

397 1374 786 1455 afferebant3
831 1382 990 1453 tum,
1043 1382 1218 1441 metu
1270 1378 1453 1454 victi,
1503 1377 1933 1441 consulturos
1990 1396 2063 1441 se
2104 1376 2429 1460 populum
2478 1394 2577 1439 re-

395 1476 819 1559 sponderunt.
905 1478 1396 1561 Advocataque
1436 1480 1775 1561 extemplo
1812 1478 2157 1554 concione,
2188 1497 2337 1541 cum
2373 1488 2447 1541 et
2484 1476 2579 1541 le-

394 1578 712 1643 vissimus
736 1579 1030 1662 quisque
1052 1598 1264 1643 novas
1292 1599 1400 1644 res
1429 1598 1809 1664 novamque
1834 1580 2231 1644 societatem
2252 1578 2582 1653 mallent,⁴

394 1684 482 1755 et,
515 1696 796 1761 quorum
842 1680 1204 1763 propinqui
1243 1685 1438 1743 extra
1481 1680 1715 1743 urbem
1766 1680 2105 1745 interclusi
2145 1682 2233 1744 ab
2272 1680 2579 1745 hostibus

394 1785 603 1855 erant,
652 1779 834 1844 velut
873 1780 1220 1845 obsidibus
1265 1780 1468 1859 datis,
1510 1782 1891 1863 pigneratos
1936 1780 2253 1845 haberent
2298 1779 2576 1856 animos,

397 1882 598 1965 pauci
626 1882 840 1963 magis
870 1882 1057 1945 taciti
1085 1882 1444 1963 probarent
1485 1890 1909 1947 constantem
1938 1881 2158 1957 fidem,
2191 1900 2395 1965 quam
2426 1898 2576 1962 pro-

393 1982 614 2045 batam
646 1981 814 2046 tueri
843 1982 1196 2061 auderent3
1239 1981 1417 2045 haud
1457 1982 1665 2047 dubio
1701 1984 2099 2066 in·speciem
2144 2000 2473 2047 consensu
2502 1978 2580 2044 fit

387 2083 480 2147 ad
531 2082 788 2147 Poenos
833 2082 1135 2147 deditio-⁸
1223 2082 1304 2145 L.
1351 2082 1567 2147 Atilio
1616 2084 1935 2167 praesecto
1979 2080 2299 2167 praesidii,
2328 2082 2577 2165 quique

395 2201 554 2249 cum
587 2201 671 2247 eo
700 2182 946 2245 milites
970 2181 1267 2246 Romani
1293 2191 1506 2259 erant,
1537 2185 1714 2247 clam
1743 2186 1815 2248 in
1846 2190 2113 2267 portum
2142 2183 2451 2249 deductis
2478 2187 2579 2245 at·-

393 2302 528 2369 que
567 2282 905 2367 impositis
931 2282 1003 2347 in
1029 2301 1258 2362 naves,
1295 2290 1378 2348 ut
1410 2283 1748 2367 Rhegium
1778 2284 2276 2360 deveherentur,
2308 2283 2578 2348 Hamil·

393 2404 616 2451 cerem
633 2392 658 2433 ⁵
685 2384 1080 2469 Poenosque
1102 2402 1190 2449 ea
1215 2384 1624 2464 conditione,
1641 2393 1715 2451 ut
1738 2386 1969 2451 foedus
1990 2386 2333 2468 extemplo
2362 2385 2578 2468 aequis

393 2485 652 2569 legibus
699 2484 902 2562 fieret,
929 2485 998 2549 in
1048 2485 1275 2551 urbem
1315 2494 1730 2571 acceperuut.
1817 2485 2031 2572 Cujus
2066 2488 2161 2551 rei
2203 2506 2411 2571 prope
2439 2504 2575 2550 non

395 2593 658 2651 servata
687 2586 854 2650 fides
876 2584 1118 2651 deditis
1135 2591 1276 2664 est,
1296 2606 1458 2652 cum
1482 2586 1747 2651 Poenus
1774 2586 1935 2651 dolo
1956 2586 2305 2651 dimissum
2332 2586 2583 2651 Rotna-

395 2704 554 2751 num
599 2688 976 2767 incusaret3
1038 2686 1412 2753 Locrenses
1459 2688 1839 2770 profugisse
1876 2689 2097 2771 ipsum
2134 2690 2579 2752 causarentur.

398 2787 926 2853 Insecutietiam
951 2788 1214 2870 equites
1242 2794 1418 2865 sunt,
1449 2786 1510 2851 si
1543 2805 1677 2869 quo
1700 2806 1867 2851 casu
1892 2788 1965 2850 in
2000 2788 2171 2852 freto
2202 2793 2409 2851 aestus
2434 2805 2577 2850 mo·-

395 2892 551 2968 rari,
592 2898 713 2955 aut
758 2890 1012 2954 deferre
1053 2907 1258 2953 naves
1287 2890 1356 2953 in
1385 2895 1624 2953 terram
1656 2895 1908 2973 posset.
1996 2886 2083 2951 Et
2123 2905 2243 2950 eos
2286 2885 2577 2969 quidem,

393 3010 562 3075 quos
592 2993 1065 3075 sequebantur,
1097 3007 1236 3054 non
1271 2999 1427 3056 sunt
1463 2989 1727 3074 adepti:
1774 2990 1943 3053 alias
1973 3008 2014 3053 a
2044 2986 2364 3052 Messana
2390 2988 2574 3072 traji-

395 3094 644 3159 cientes
685 3094 856 3159 freto
899 3092 1232 3176 Rhegium
1271 3112 1480 3158 naves
1509 3098 2020 3176 conspexerunt.
2112 3090 2369 3155 Milites
2395 3095 2577 3154 erant

396 3194 703 3274 Romani,
754 3214 798 3258 a
841 3193 1130 3259 Claudio
1183 3200 1468 3278 praetore
1517 3194 1711 3259 missi
1749 3193 1836 3258 ad
1878 3192 2299 3257 obtinendam
2343 3192 2572 3255 urbem

457 3418 482 3442 ⁸
514 3408 666 3457 Initio
685 3407 940 3456 Locrenses
960 3406 1084 3456 nihil
1102 3407 1346 3458 credebaut
1365 3421 1526 3457 oona·
1544 3421 1651 3470 qua
1666 3422 1698 3456 u
1718 3406 1935 3457 Bruttiis
1950 3420 2037 3470 per
2056 3402 2571 3470 colloqui-myioden-

395 3478 494 3569 αἱ,
513 3536 768 3597 Cortum,
789 3534 892 3597 qui,
909 3534 1022 3584 licet
1038 3538 1245 3593 emtus,
1259 3540 1468 3586 ulmea
1488 3541 1645 3586 certus
1665 3542 1714 3587 et
1734 3534 2027 3585 witmau-ius
2043 3534 2313 3598 apparebat.

1308 3676 1516 3702 mu
1519 3678 1666 3699 00000

393 3793 611 3844 δίπουν
834 3798 948 3843 .—2
980 3792 998 3821 ‘
1015 3793 1267 3857 Super-iore
1284 3799 1444 3843 castra
1455 3794 1613 3857 ponit,
1633 3794 1759 3843 unde
1780 3782 1913 3843 Edu.
1937 3799 2059 3841 ante
2082 3790 2309 3841 Gronov.
2332 3792 2418 3856 qni
2440 3800 2576 3857 capto

395 3872 458 3905 ex
481 3856 688 3921 ingenio
745 3857 874 3914 edit,
905 3872 1022 3907 curn
1045 3857 1249 3920 plurimi
1273 3859 1558 3922 optimique
1597 3858 1727 3933 illisa.
1765 3855 1825 3904 τὸ
1853 3856 1985 3919 ponit
2010 3853 2290 3906 omittant?
2321 3854 2577 3907 Stroth.—

396 3925 427 3970 ⁸
453 3922 544 3969 Eat
563 3920 726 3971 desid.
749 3922 800 3971 in
824 3922 980 3973 Grut-
1001 3921 1230 3973 Gronov.
1254 3923 1466 3986 Doqjat.
1490 3923 1823 3972 creuere—⁴
1847 3922 2020 3972 Mellae
2040 3921 2177 3971 Edd.
2203 3928 2323 3971 aute
2343 3921 2574 3971 Gronov.

1385 4082 1603 4133 »301⁸AE

393 4192 825 4257 librosuperiore.
857 4192 1260 4243 Verumibirem
1285 4200 1447 4243 totam
1529 4196 1677 4243 vius:
1732 4196 1817 4244 bic
1860 4197 2003 4246 velut
2045 4208 2138 4246 suo
2182 4195 2298 4243 loco
2342 4194 2573 4257 pluribus

396 4271 572 4339 paucis
595 4271 646 4319 iu
671 4278 994 4320 antecessum
1016 4268 1340 4320 indicaverat
1361 4269 1443 4326 Li,-
1523 4262 1715 4322 narrat.
