3159 4934
556 414 732 481 2058
1521 428 1593 479 τ.
1638 430 1829 479 mvn

561 573 960 639 delectorum
984 575 1006 607 ¹
1039 571 1324 637 militum
1351 574 1633 638 navibus
1663 572 1884 655 longis
1914 572 2117 637 mittit
2142 570 2231 638 ad
2266 572 2509 637 ostium
2534 572 2753 639 flumi-

557 677 662 739 nis
713 694 866 740 cum
913 674 1234 757 praesecto
1274 674 1556 752 socium,
1590 672 1677 753 Q.
1710 674 1954 739 Naevio
1986 673 2263 752 Crista,²
2296 674 2438 738 viro
2471 675 2759 758 impigro

561 783 630 840 et
659 775 879 857 perito
910 775 1195 839 militiae.
1285 775 1385 853 Ie,
1417 776 1760 858 expositis
1802 775 1867 838 in
1912 782 2156 840 terram
2186 776 2531 852 militibus,
2571 778 2760 841 navi-

559 876 818 959 busque
849 874 1127 940 Oricum
1174 882 1374 953 retro,
1421 877 1599 941 unde
1639 882 1937 953 venerat,
1989 875 2073 940 ad
2121 884 2411 941 ceteram
2464 876 2761 949 classem·

561 977 886 1056 remissis,
917 977 1163 1042 milites
1209 978 1451 1060 procul
1492 998 1535 1044 a
1574 978 1845 1041 flumine
1880 996 2001 1060 per
2029 979 2213 1043 viam
2240 978 2508 1045 minime
2534 978 2626 1042 ab
2655 996 2759 1043 re—

561 1078 688 1158 giis
718 1077 1069 1141 obsessam
1102 1078 1320 1155 duxit,
1351 1088 1420 1143 et
1445 1085 1671 1154 nocte,
1694 1080 1791 1142 ita
1822 1082 1897 1141 ut
1923 1096 2116 1142 nemo
2143 1079 2433 1143 hostium
2464 1079 2757 1155 sentiret,

562 1180 792 1241 urbem
825 1185 969 1241 est³
1000 1180 1362 1259 ingressus.
1451 1178 1585 1241 Die
1615 1179 1985 1261 insequenti
2019 1178 2354 1262 quievere,
2399 1179 2556 1243 dum
2585 1200 2755 1262 prae-

556 1278 775 1342 fectus
808 1278 1230 1361 juventutem
1279 1278 1833 1360 Apolloniatium,
1882 1298 2197 1363 armaque
2242 1288 2313 1346 et
2354 1280 2533 1344 urbis
2578 1281 2754 1345 vires

559 1379 955 1461 inspiceret.
1044 1377 1186 1443 Ubi
1229 1398 1311 1443 ea
1355 1380 1505 1444 visa
1556 1378 1996 1463 inspectaque
2041 1382 2211 1446 satis
2251 1382 2611 1446 animorum
2654 1381 2757 1447 fe-

559 1499 729 1558 cere,
749 1480 1085 1562 simulque
1109 1482 1194 1545 ab
1220 1482 1754 1565 exploratoribus
1783 1484 2137 1565 comperit,
2162 1490 2413 1567 quauta
2442 1483 2755 1549 socordia

559 1601 640 1645 ac
688 1582 1096 1664 negligentia
1147 1583 1330 1665 apud
1374 1583 1607 1647 hostes
1654 1590 1865 1664 esset;
1912 1582 2185 1648 silentio
2214 1586 2431 1649 noctis
2460 1583 2547 1647 ab
2588 1583 2755 1648 urbe

559 1684 702 1746 sine
750 1681 890 1747 ullo
938 1684 1228 1746 tumultu
1275 1702 1605 1765 egressus,
1652 1690 1877 1748 castra
1924 1684 2213 1749 hostium
2252 1684 2422 1748 adeo
2452 1683 2756 1765 neglecta

559 1788 760 1866 atque
789 1791 1029 1865 aperta
1057 1784 1347 1860 intravit,
1379 1790 1452 1847 ut
1479 1786 1651 1849 satis
1686 1791 2035 1862 constaret,
2065 1786 2253 1867 prius
2272 1791 2303 1832 ⁴
2330 1784 2513 1849 mille
2544 1782 2753 1848 homi-

557 1902 712 1948 num
741 1883 988 1949 vallum
1019 1882 1332 1959 intrasse,
1361 1903 1564 1967 quam
1613 1885 1967 1969 quisquam
2010 1886 2300 1962 sentiret,
2329 1903 2435 1961 ac,
2468 1885 2531 1948 si
2558 1884 2751 1950 caede

561 1984 1053 2060 abstinuissent,
1100 1986 1438 2067 pervenire
1479 1985 1562 2049 ad
1604 1986 2105 2049 tabernaculum
2136 1985 2389 2067 regium
2419 1987 2753 2066 potuisse.

560 2082 810 2149 Gaedes
860 2085 1315 2168 proximorum
1365 2092 1582 2168 portae
1626 2085 1955 2151 excitavit
1980 2086 2229 2150 hostes.
2316 2084 2488 2149 Inde
2520 2090 2752 2151 tantus

561 2192 771 2251 terror
824 2204 1173 2270 pavorque
1227 2205 1462 2251 omnes
1518 2186 1905 2268 occupavit,
1964 2192 2040 2251 ut
2098 2204 2232 2250 non
2282 2186 2483 2250 modo
2531 2186 2754 2251 alius⁵

555 2287 914 2369 quisquam
965 2306 1152 2351 arma
1209 2296 1500 2371 caperet,
1551 2294 1673 2352 aut
1723 2287 1961 2351 castris
2014 2287 2258 2369 pellere
2321 2287 2579 2353 hostem
2636 2306 2749 2353 co·-

557 2394 827 2451 naretur
866 2406 885 2466 3
947 2386 1067 2450 sed
1116 2386 1317 2450 etiam
1367 2386 1518 2468 ipse
1561 2406 1705 2464 rex,
1757 2388 1933 2450 sicut
1982 2405 2219 2451 somno
2272 2389 2535 2453 excitus
2585 2394 2750 2466 erat,

556 2506 770 2571 prope
825 2486 1212 2552 seminudus
1257 2487 1542 2569 fugienS,
1592 2488 1783 2552 militi
1823 2507 2112 2571 quoque,
2155 2488 2395 2554 nedum
2440 2491 2600 2572 regi,
2630 2490 2751 2554 vix

556 2586 800 2657 decoro
845 2586 1101 2666 habitu,
1145 2587 1230 2652 ad
1277 2586 1520 2652 flumen
1567 2607 1904 2672 navesque
1934 2588 2310 2671 perfugerit.
2398 2590 2652 2654 Eodem
2682 2599 2751 2657 et

557 2686 693 2754 alia
721 2684 918 2765 turba
948 2688 1159 2754 effusa
1186 2698 1313 2755 est.
1403 2690 1627 2754 Paulo
1677 2690 1893 2754 minus
1944 2690 2074 2754 tria
2116 2688 2331 2753 millia
2368 2680 2649 2757 militum
2678 2690 2749 2755 in

557 2792 804 2865 castris
837 2799 953 2855 aut
981 2798 1207 2873 capta,
1241 2798 1360 2854 aut
1385 2791 1639 2854 occisa.
1726 2790 1893 2854 Plus
1938 2796 2163 2856 tamen
2206 2790 2544 2856 hominum
2565 2790 2596 2833 ⁶
2624 2792 2747 2857 ali-

555 2893 810 2970 quanto
843 2895 1141 2970 captum,
1174 2906 1371 2971 quam
1403 2906 1657 2952 caesum
1688 2894 1815 2951 est.
1906 2886 2159 2952 Castris
2200 2886 2501 2972 direptis,
2533 2888 2747 2972 Apol-

553 2988 822 3057 loniatae
854 2987 1254 3070 catapultas,
1283 2986 1621 3064 ballistas,
1645 2992 2101 3070 tormentaque
2125 2987 2280 3066 alia,
2302 3007 2459 3072 quae
2491 3007 2749 3073 oppug-

555 3088 798 3161 nandae
829 3088 977 3151 urbi
1010 3096 1408 3169 comparata
1449 3096 1661 3164 erant,
1691 3088 1780 3152 ad
1813 3087 2061 3153 tuenda
2088 3090 2363 3166 moenia,
2395 3090 2455 3155 si
2479 3091 2747 3174 quando

551 3188 798 3253 similis
838 3188 1098 3253 fortuna
1129 3188 1446 3263 venisset,
1477 3188 1912 3271 Apolloniam
1940 3186 2298 3252 devexere:
2343 3196 2569 3254 cetera
2604 3210 2749 3254 om-

555 3289 663 3357 nis
715 3288 946 3372 praeda
999 3297 1371 3353 castrorum
1422 3287 1750 3353 Romanis
1801 3307 2121 3357 concessa
2163 3295 2293 3352 est.
2384 3290 2559 3355 Haec
2592 3309 2745 3355 curn

559 3388 832 3457 Oricum
861 3398 1093 3454 essent
1119 3390 1447 3467 nuntiata,
1481 3388 1582 3453 M.
1615 3388 1927 3453 Valerius
1965 3389 2249 3452 classem
2282 3391 2622 3473 extemplo
2654 3392 2746 3456 ad

556 3490 804 3555 ostium
851 3492 1148 3555 fluminis
1185 3491 1404 3565 duxit,
1455 3510 1538 3554 ne
1588 3490 1876 3554 navibus
1936 3508 2285 3572 capessere
2342 3490 2569 3573 fugam
2620 3512 2743 3557 rex

554 3600 816 3681 posset.
905 3592 1150 3677 Itaque
1199 3592 1588 3678 Philippus,
1631 3612 1853 3683 neque
1903 3593 2213 3669 terrestri,
2262 3611 2479 3676 neque
2516 3594 2743 3659 navali

555 3693 914 3758 certamine
950 3694 1123 3757 satis
1174 3692 1312 3757 fore
1357 3712 1581 3774 parem
1610 3712 1685 3756 se
1716 3692 1953 3771 fidens,
1986 3692 2341 3758 subductis
2370 3699 2489 3757 aut
2516 3693 2742 3757 incen-

1462 3888 1834 3911 Omm

553 4001 683 4053 Mox
698 3998 876 4063 scripti
887 4000 1124 4063 Lentim
1133 4001 1418 4064 Apollonia!
1438 4004 1494 4057 J.
1507 4005 1905 4057 neronom—1
1925 4005 2061 4056 Olim
2080 4004 2365 4069 legebatur,
2374 4004 2611 4067 pollicitus
2620 4005 2747 4055 mille

551 4068 948 4120 delectorum—2
984 4064 1060 4116 ΑΙ.
1105 4068 1390 4131 Crispa—³
1425 4070 1514 4119 Eut
1555 4070 1659 4119 del.
1700 4070 1853 4122 Grut.
1890 4070 2119 4121 Gronov.
2163 4070 2373 4131 Donjat.
2436 4071 2454 4097 ‘
2476 4070 2666 4119 Potest
2684 4068 2745 4119 τὸ

551 4130 795 4194 ing-renus
827 4130 1015 4191 accipi,
1043 4138 1102 4177 ut
1133 4132 1203 4179 sit
1229 4132 1474 4193 ingressus
1505 4142 1601 4183 ωε
1633 4136 1803 4184 malim
1843 4143 2016 4184 tamen
2038 4134 2216 4183 delere
2236 4134 2295 4183 τὸ
2316 4140 2386 4194 ec,
2407 4148 2511 4199 qno
2534 4132 2743 4193 baben,

553 4193 715 4253 duxit,
752 4199 887 4242 nocte
919 4192 1009 4247 ita.
1045 4199 1100 4243 ut
1135 4210 1268 4244 nemo
1303 4195 1505 4246 hostum
1531 4200 1750 4260 sentiret,
1784 4200 1943 4247 urbem
1972 4198 2251 4259 ingr-ema?
2278 4198 2332 4249 J.
2356 4198 2415 4247 F.
2447 4198 2743 4248 Gronov.—

552 4260 586 4311 4
621 4256 740 4312 Plus
761 4256 957 4310 addunt
981 4258 1113 4312 Edd.
1138 4268 1258 4310 ante
1279 4260 1607 4311 oronam—5
1642 4262 1747 4315 Pro
1767 4264 1887 4313 clim
1909 4263 2043 4329 conj.
2068 4262 2287 4328 Rupert.
2320 4262 2449 4313 hand
2470 4262 2553 4313 vel
2574 4262 2739 4314 vix·—
