3159 4934
1135 400 1283 448 mn.
1329 399 1589 448 xxvii.
1632 398 1796 447 οη.
1837 382 1947 447 41.
2036 421 2045 429 -
2450 379 2627 448 m

445 548 516 613 in
545 546 732 613 cives
759 544 862 609 Μ.
901 543 1191 623 Livium,
1223 543 1308 627 ad
1339 543 1585 608 bellum
1616 542 2175 625 proficiscentem,
2206 540 2506 607 monenti
2532 540 2622 621 Q.

450 649 686 725 Fabio,
731 656 749 685 ‘
771 666 856 713 ne
903 648 1111 731 prius,
1151 668 1354 731 quam
1395 666 1603 729 genus
1634 646 1931 711 hostium
1975 653 2353 727 cognosset,
2382 651 2639 717 temere,

443 772 714 817 manum
734 750 1146 827 consereret,’
1173 750 1633 835 respondisse:
1679 755 1699 785 ‘
1720 745 1859 812 Ubi
1892 746 2174 831 primum
2202 746 2494 811 bostium
2512 766 2628 829 ag·-
2666 777 2671 785 ·

366 863 371 870 '
447 874 596 919 men
645 846 1130 937 conspexisset,
1185 851 1674 939 pugnaturum!
1759 851 1931 918 Cum
1989 857 2413 935 quaereretur,
2470 870 2627 934 quin

321 964 326 969 “
447 976 658 1021 cansa
681 953 1044 1019 festinandi
1081 955 1306 1021 esset?
1393 961 1414 993 ‘
1435 957 1577 1020 Aut
1604 974 1692 1019 ex
1722 954 1919 1020 hoste
1949 954 2274 1037 egregiam
2308 950 2634 1055 gloriam)

447 1059 684 1143 inquit,
717 1063 738 1091 ‘
759 1064 877 1123 ant
903 1076 992 1121 ex
1017 1056 1276 1123 civibus
1317 1059 1514 1123 victis
1543 1058 1883 1140 gaudium,
1916 1060 2215 1123 meritum
2262 1064 2466 1134 certe,
2496 1057 2635 1137 etsi

447 1182 584 1227 non
634 1162 1005 1238 honestum,
1046 1158 1360 1245 capiam-⁹
1448 1159 1647 1224 Prius
1688 1178 1889 1243 quam
1916 1157 2241 1224 Claudius
2280 1159 2509 1223 consul
2560 1160 2631 1223 in

449 1264 860 1348 provinciam
895 1264 1288 1345 perveniret,
1309 1281 1428 1347 per
1455 1269 1821 1352 extremum
1852 1262 2049 1327 finem
2082 1261 2221 1344 agri
2256 1261 2585 1330 Larinatis
2604 1269 2633 1299 ⁸

449 1366 792 1434 ducentem
819 1368 891 1429 in
921 1363 1314 1431 Sallentinos
1359 1348 1719 1431 exercitum
1748 1364 2207 1429 Hannibalem
2238 1384 2391 1428 cum
2424 1384 2634 1448 expe·

449 1470 616 1535 ditis
657 1468 1042 1533 cohortibus
1069 1466 1340 1531 adortus
1377 1466 1457 1531 C.
1486 1466 1829 1531 Hostilius
1852 1468 2161 1533 Tubulus
2190 1468 2637 1549 incomposito

448 1572 700 1653 agmini
725 1569 1088 1663 terribilem
1117 1568 1469 1633 tumultum
1499 1570 1737 1634 intulit.
1770 1614 1779 1623 ·
1825 1570 1936 1634 Ad
1968 1575 2252 1654 quatuor
2278 1570 2491 1635 millia
2514 1558 2639 1634 ho·

453 1675 702 1739 minum
734 1671 1012 1749 occidit,
1052 1690 1290 1737 novem
1334 1670 1520 1755 signa
1563 1673 1879 1739 militaria
1914 1674 2118 1758 cepit.
2207 1672 2520 1739 Moverat
2549 1693 2637 1737 ex

453 1774 758 1859 hybernis
791 1774 880 1838 ad
917 1772 1163 1839 samam
1205 1774 1422 1838 hostis
1456 1774 1549 1854 Q.
1579 1772 1926 1853 ClaudiuS,
1970 1776 2087 1859 qui
2126 1795 2245 1859 per
2271 1777 2469 1840 urbes
2500 1776 2640 1857 agri

455 1877 810 1943 Sallentini
837 1884 1060 1941 castra
1089 1876 1423 1959 disposita
1451 1877 1767 1941 habebat.
1857 1878 2125 1962 Itaque,
2164 1898 2249 1941 ne
2282 1897 2436 1943 cum
2475 1878 2637 1943 duo-

406 2048 410 2069 ,
452 1981 584 2047 bns
609 1981 1017 2047 exercitibus
1047 1980 1249 2045 simul
1273 1974 1677 2063 confligeret,
1712 1980 2050 2045 Hannibal
2087 1990 2286 2047 nocte
2310 1988 2531 2047 castra
2552 2000 2642 2045 ex

457 2100 615 2165 agro
639 2083 998 2147 Tarentino
1041 2083 1271 2161 movit,
1313 2088 1516 2166 atque
1557 2083 1626 2146 in
1668 2083 1967 2148 Bruttios
1997 2084 2347 2147 concessit.
2436 2081 2642 2147 Clau·

456 2183 611 2249 dius
656 2184 725 2247 in
777 2182 1176 2247 Sallentinos
1217 2202 1452 2265 agmen
1494 2184 1843 2250 convertit.
1932 2184 2293 2263 Hostilius,
2336 2184 2645 2267 Capuam

455 2294 716 2370 petens,
761 2286 1002 2350 obvius
1051 2285 1137 2351 ad
1175 2276 1545 2349 Venusiam
1588 2287 1679 2351 sit
1713 2287 1973 2351 consuli
2015 2286 2329 2351 Claudio.
2415 2286 2525 2351 Ibi
2554 2304 2645 2351 ex

459 2394 739 2473 utroque
785 2387 1086 2453 exercitu
1137 2387 1354 2452 electa
1396 2388 1705 2472 peditum
1748 2387 2189 2471 qnadraginta
2233 2389 2461 2468 millia,
2508 2389 2642 2453 duo

458 2492 671 2557 millia
699 2498 766 2555 et
795 2490 1139 2575 quingenti
1167 2490 1450 2575 equites,
1495 2491 1744 2573 quibus
1776 2491 2011 2555 consul
2038 2491 2355 2556 adversus
2388 2491 2646 2556 Hanni-

455 2594 675 2661 balem
723 2614 856 2658 rem
882 2592 931 2633 ¹⁶
985 2598 1272 2675 gereret:
1319 2592 1611 2675 reliquas
1664 2593 1905 2675 copias
1958 2592 2296 2658 Hostilius
2337 2593 2645 2677 Capuam

461 2697 705 2764 ducere
725 2697 984 2780 jussus,
1013 2701 1090 2757 ut
1122 2691 1214 2771 Q.
1246 2692 1487 2757 Fulvio
1517 2695 1907 2776 proconsuli
1937 2695 2244 2760 traderet.

547 2798 654 2861 41.
699 2796 1069 2872 Hannibal,
1103 2795 1402 2879 undique
1449 2803 1793 2860 contracto
1832 2797 2159 2876 exercitu,
2192 2816 2389 2881 quem
2425 2800 2495 2861 in
2525 2798 2649 2882 hy-

459 2901 684 2966 bernis
715 2906 831 2963 aut
861 2900 928 2963 in
957 2896 1289 2982 praesidiis
1320 2898 1459 2981 agri
1489 2898 1740 2964 Bruttii
1767 2900 2111 2979 habuerat,
2132 2900 2201 2966 in
2226 2901 2537 2966 Lucanos
2562 2900 2647 2967 ad

465 3004 948 3068 Grumentum⁰
985 3002 1192 3077 venit,
1225 3020 1346 3085 spe
1373 3000 1739 3084 recipiendi
1766 3002 2045 3086 oppida,
2075 3021 2229 3087 qnae
2255 3024 2375 3089 per
2400 3012 2647 3071 metum

465 3106 552 3170 ad
587 3105 932 3170 Romanos
949 3101 1410 3169 defecissent.-
1467 3100 1729 3169 Eodem
1755 3102 2122 3169 aVenusia
2139 3106 2371 3171 consul
2390 3106 2646 3173 Roma-

1377 3282 1741 3307 OOOOMOO

467 3403 686 3467 Doujnt.
709 3403 988 3453 Crem—15
1021 3400 1190 3453 Adhuc
1209 3400 1284 3451 ira
1306 3401 1441 3452 Edd.
1463 3408 1587 3454 ante
1609 3402 1902 3454 oroma-1⁶
1936 3402 2035 3453 Re·
2051 3402 2218 3454 Gron.
2243 3404 2461 3468 Donjst'.
2478 3406 2629 3459 creir.

1453 3546 1669 3599 NOTAE

531 3652 560 3679 ¹
589 3644 862 3709 Larinatis]
913 3644 958 3695 A
984 3645 1170 3695 Larino
1191 3645 1384 3712 oppido
1406 3644 1518 3711 Ap·
1599 3645 1951 3696 notationibus
1966 3643 2032 3696 nd
2046 3645 2409 3709 geographiam
2432 3662 2651 3716 sacram,

467 3724 642 3789 pu'iiae.
1598 3731 1779 3772 censet
1821 3735 1933 3771 enee
1972 3722 2258 3783 Agrianum
2310 3724 2373 3773 nd
2431 3728 2649 3778 eundem

533 3806 560 3832 ⁶
591 3800 670 3849 Aa
701 3797 1040 3862 Grumentum]
1091 3796 1357 3861 Oppidum
1401 3805 1518 3848 erut
1600 3800 1815 3859 Acirim,
1860 3813 2017 3860 snpra
2069 3798 2214 3847 Turni
2254 3802 2521 3864 oppidum.
2586 3806 2651 3855 In

471 3876 734 3935 Lucania,
753 3891 866 3939 quoe
893 3890 1026 3925 nunc
1055 3874 1320 3925 nminem
1337 3891 1353 3923 .·
1387 3875 1516 3923 band
1602 3874 2023 3933 annotationibus
2056 3873 2279 3939 deniqne
2301 3877 2365 3926 sd
2392 3878 2651 3930 ortelium

460 3952 654 4017 *procul
691 3952 834 4000 Aciri
863 3950 1036 4011 fluvio,
1057 3952 1110 3999 in
1133 3966 1284 4016 quem
1307 3950 1522 4001 confluit
1602 3967 1665 4001 eo
1687 3952 1933 4006 decurrit,
1968 3958 2023 3999 ut
2057 3960 2207 4013 putet
2229 3968 2341 4002 esne
2364 3954 2651 4016 Agr-omento

471 4030 617 4078 Son.
665 4026 812 4076 Cluv.
840 4033 988 4089 putat
1005 4026 1230 4075 dicivul.
1256 4027 1519 4077 Cim-imon·
1603 4027 1668 4076 nd
1706 4029 1943 4077 dextram
1980 4027 2149 4078 Aciris
2188 4026 2243 4078 fl.
2280 4031 2367 4094 qui
2408 4034 2536 4081 situs
2571 4042 2653 4087 est

467 4110 537 4155 ee.
602 4102 845 4154 Hoict.in
869 4102 1282 4151 annotationibus
1305 4102 1521 4152 adillius
1603 4103 1953 4167 Agrimontis:
1999 4112 2057 4153 ut
2104 4105 2243 4155 inter
2283 4103 2395 4155 hoec
2436 4108 2541 4159 dno
2587 4128 2654 4163 nn

459 4183 680 4234 ‘Italiam
705 4181 852 4245 ponit
871 4182 936 4228 ad
964 4181 1226 4243 antiquum
1248 4180 1520 4231 ecclesium
1603 4179 1795 4243 aliquid
1832 4181 1901 4230 uit
1926 4182 2259 4244 discriminis,
2280 4180 2489 4235 dubium
2526 4189 2652 4239 suti·

471 4260 527 4309 8.
549 4257 770 4320 Laberii,
795 4256 895 4307 vni.
914 4256 966 4307 S.
986 4256 1220 4308 Levia-o.-
1251 4256 1342 4307 sed
1362 4256 1414 4307 in
1432 4272 1518 4307 an·
1599 4258 1851 4309 videntur.
2246 4251 2251 4257 ’
