3159 4934
1063 411 1210 460 mu.
1257 409 1482 460 xxiv.
1527 409 1689 460 cn.
1731 391 1841 459 30.
2376 393 2549 462 2039

285 578 490 626 narn
563 555 912 626 mendacio
967 556 1394 640 praebuerant
1449 555 1775 621 verberati
1831 573 1911 619 ac
1974 555 2191 620 securi
2246 556 2551 638 percussi

289 661 706 744 transfugae
735 659 821 724 ad
867 659 1000 724 duo
1043 659 1258 724 millia
1285 657 1645 722 hominum.
1733 657 2049 722 Ceterum
2078 657 2548 724 Leontinorum

289 763 770 844 militumque
816 761 1094 826 aliorum
1141 780 1364 837 nemo,
1423 769 1587 843 post
1637 769 1907 842 captam
1962 761 2214 834 urbem,
2258 760 2550 825 violatus

290 863 600 930 fuerat:
643 881 900 945 suaque
931 863 1163 927 omnia
1192 863 1312 940 eis,
1339 863 1474 926 nisi
1502 881 1659 946 quae
1689 865 1943 945 primus
1974 862 2297 926 tumultus
2326 867 2549 945 captoe

297 966 540 1032 urbis
567 965 1006 1040 absumserat,
1031 963 1564 1028 restituebantur.
1629 963 1781 1027 Nec
1806 968 1875 1028 ut
1900 959 2308 1028 Leontinos⁶
2334 963 2553 1040 irent,⁸

295 1065 658 1148 proditos
710 1063 796 1128 ad
851 1062 1108 1129 caedem
1158 1064 1657 1128 commilitones
1702 1071 2075 1148 querentes,
2111 1065 2397 1148 perpelli
2428 1083 2549 1148 po-

293 1174 556 1244 tuere,
597 1186 718 1230 nec
757 1169 834 1230 ut
870 1165 1108 1230 eodem
1157 1165 1310 1230 loco
1362 1166 1713 1230 certiorem
1753 1166 2049 1230 nuntium
2088 1172 2544 1249 expectarent.

300 1267 518 1333 Cum
567 1268 655 1333 ad
699 1267 1148 1333 defectionem
1196 1267 1554 1332 inclinatos
1615 1268 1873 1333 animos
1934 1271 2273 1333 cernerent
2304 1273 2548 1351 praeto-

299 1389 464 1448 reS,
501 1370 630 1434 sed
669 1376 824 1436 eum
861 1376 1116 1435 motum
1152 1367 1332 1434 haud
1367 1366 1746 1434 diuturnum
1783 1369 1953 1446 fore,
1984 1370 2043 1433 si
2071 1369 2283 1433 duces
2322 1387 2551 1436 amen-

307 1472 447 1536 tioe
511 1471 774 1539 sublati
823 1477 1090 1552 essent3
1135 1469 1509 1543 exercitum
1557 1469 1807 1534 ducunt
1853 1469 2249 1550 Megaram
2269 1476 2295 1504 ⁸
2402 1468 2551 1553 Ipsi

309 1590 502 1636 cum
549 1570 788 1654 paucis
824 1571 1169 1654 equitibus
1213 1569 1633 1633 Herbessum
1673 1568 2215 1652 proficiscuntur,
2250 1589 2400 1652 spe,
2424 1576 2553 1635 ter-

317 1673 500 1736 ritis
533 1671 864 1746 omnibus,
892 1690 1016 1754 per
1055 1669 1504 1754 proditionem
1547 1670 1735 1732 urbis
1768 1670 2133 1751 potiundae.
2199 1670 2403 1749 Quod
2434 1672 2553 1735 ubi

317 1771 600 1838 frustra
629 1771 732 1836 eis
760 1770 890 1836 suit
917 1772 1292 1854 inceptum,
1317 1768 1384 1833 vi
1413 1771 1745 1852 agendum
1778 1771 1931 1849 rati,
1960 1776 2233 1854 postero
2262 1773 2381 1836 die
2406 1772 2553 1838 Me-

320 1875 534 1957 garis
560 1877 782 1938 castra
811 1879 1106 1952 movent,
1138 1879 1218 1935 ut
1249 1870 1667 1936 Herbessum
1694 1872 2009 1936 omnibus
2037 1873 2259 1956 copiis
2288 1893 2553 1958 oppug-

321 1980 606 2062 narent.
695 1973 1154 2057 Hippocrates
1207 1979 1276 2038 et
1319 1971 1684 2056 Epicydes,
1729 1993 1861 2038 non
1909 1981 2043 2038 tam
2076 1981 2289 2040 tutum
2335 1977 2553 2058 prima

329 2077 602 2159 specie,
629 2094 828 2159 quam
855 2094 1084 2152 unum,
1115 2093 1240 2157 epe
1281 2073 1578 2156 undique
1628 2075 1959 2151 abscissa,
1998 2078 2351 2142 consilium
2400 2095 2555 2142 esse

329 2179 506 2256 rati,
523 2182 601 2241 ut
616 2195 690 2240 se
717 2175 1048 2240 militibus
1079 2175 1558 2257 permitterent,
1582 2181 1647 2237 et
1678 2176 1965 2240 assuetis
1986 2195 2221 2258 magua
2247 2196 2337 2241 ex
2361 2189 2555 2262 parte

338 2280 514 2354 sibi,
551 2286 618 2341 et
662 2282 802 2341 tum
843 2274 1030 2340 fama
1079 2273 1292 2339 caedis
1333 2274 1851 2344 commilitonum
1899 2277 2233 2354 accensis,
2263 2278 2563 2368 obviarn·

339 2364 611 2461 agmini
637 2377 1030 2462 procedunt.
1103 2375 1332 2442 Prima
1361 2375 1532 2441 forte
1559 2377 1750 2458 signa
1780 2385 2251 2443 sexcentorum
2277 2377 2555 2446 Creten-

340 2480 532 2545 sium
577 2485 786 2558 erant,
819 2479 936 2562 qui
966 2477 1148 2561 apud
1180 2475 1669 2561 Hieronymum
1709 2475 2121 2544 mernor-autb
2164 2481 2295 2544 sub
2332 2480 2457 2559 eis,
2488 2489 2561 2548 et

1281 2657 1645 2680 ΝΟΟΝΜΝ

343 2775 468 2828 fere
490 2775 628 2826 libri.
681 2775 909 2826 Rus-oria
926 2776 1042 2826 enni
1061 2775 1200 2840 conj.
1218 2775 1572 2828 &betium—6
1596 2776 1659 2826 In
1679 2774 1933 2826 Leontinos
1958 2775 2211 2827 (hut—⁷
2236 2773 2439 2836 Mega-a
2462 2789 2563 2840 pro

1346 2931 1573 2984 1101*AE

351 3049 522 3100 babet
559 3048 757 3098 terroris
791 3048 1006 3114 speciest,
1041 3048 1178 3114 quod
1201 3047 1430 3101 Gronov.
1497 3049 1550 3098 in
1591 3061 1683 3098 ors
1726 3049 1919 3100 Sicitioe
1966 3049 2201 3100 orientali
2239 3061 2340 3098 non
2376 3049 2561 3114 procul

357 3125 575 3190 probat.
638 3125 864 3176 schelius
886 3125 1022 3189 apud
1045 3139 1164 3175 eum
1200 3125 1428 3177 malebat
1497 3125 1615 3176 vico
1660 3126 1743 3175 cni
1786 3126 1941 3178 hodie
1984 3139 2171 3176 nomen
2212 3126 2409 3176 mir-illi.
2476 3125 2561 3174 Ab

357 3201 590 3252 Rumori·
633 3201 832 3264 speciem
870 3200 998 3250 haud
1039 3201 1183 3252 veni:
1218 3201 1284 3250 sd
1319 3215 1426 3251 rem
1495 3202 1595 3251 hac
1644 3201 1819 3265 Hybla
1884 3215 2043 3264 parva
2110 3202 2211 3252 mel
2264 3201 2564 3265 Hyblaeum.

358 3283 508 3342 apte,
529 3276 694 3326 minus
715 3276 781 3325 ad
804 3275 965 3326 verba
986 3274 1251 3327 Auctoris.
1500 3279 1672 3328 Fuere
1695 3279 1831 3328 enim
1857 3286 1962 3327 tres
2000 3279 2115 3342 ejus
2151 3279 2371 3328 nominis
2404 3279 2561 3328 urbes

428 3361 452 3386 ¹
485 3353 592 3403 Nee
610 3357 667 3402 ut
687 3351 945 3400 Leontinos
965 3351 1115 3416 &ev-t]
1144 3351 1321 3415 Sigon.
1355 3351 1432 3402 in·
1498 3353 1550 3402 iu
1598 3353 1777 3403 Sicilia
1816 3367 1882 3402 ex
1927 3353 2209 3416 Stephano,
2260 3359 2497 3402 correcto
2536 3365 2567 3402 a

363 3429 531 3480 seruit
575 3427 993 3492 pmpositiouem
1037 3427 1126 3477 in.-
1168 3442 1253 3477 nee
1290 3433 1346 3477 ut
1380 3427 1433 3479 is
1501 3428 1763 3480 Cluverio.
1832 3430 2000 3478 Parva
2022 3428 2137 3477 haee
2158 3428 2211 3478 iu
2235 3442 2327 3479 ora
2343 3427 2566 3478 oriente·

363 3505 626 3556 Leontino·
663 3503 789 3552 irent
809 3519 828 3561 ‚-
877 3503 1027 3568 quasi
1065 3503 1306 3554 Leontini
1343 3519 1434 3554 uo·
1500 3504 1556 3560 li,
1592 3504 1736 3568 cnjus
1759 3504 2006 3567 oppidani
2038 3504 2343 3566 Megarenses
2375 3510 2431 3552 et
2464 3502 2565 3552 Ga-

367 3594 488 3629 men
513 3586 712 3629 tantum
742 3579 918 3643 populi
941 3584 1114 3629 essetz
1147 3593 1264 3630 cum
1287 3580 1358 3630 sit
1379 3588 1436 3632 et
1501 3581 1636 3629 testa
1657 3579 1741 3629 vel
1768 3580 2021 3629 Gereatoe=
2051 3579 2169 3629 dum
2192 3581 2307 3629 alia
2330 3581 2381 3628 in
2406 3579 2568 3630 medi-

365 3655 566 3721 oppidi.
1505 3657 1785 3705 terraneis:
1832 3657 2017 3719 minor,
2060 3669 2177 3721 quo
2220 3655 2324 3706 alio
2362 3656 2571 3708 nomine

437 3741 462 3768 ⁸
511 3732 792 3783 Exercitum
832 3732 1010 3782 ducunt
1049 3732 1325 3798 Megaran]
1386 3733 1436 3784 A
1509 3731 1721 3788 Heres,
1749 3732 2017 3782 meridiem
2039 3745 2217 3782 versus
2236 3732 2299 3782 sd
2321 3731 2569 3784 Hirmini·

371 3808 765 3872 Megarensibus
817 3807 1022 3858 Graeeis
1078 3807 1292 3858 condita
1339 3807 1440 3860 fuit
1509 3823 1595 3858 um
1608 3805 2084 3871 &nigellatum
2108 3814 2161 3860 et
2181 3809 2347 3872 major
2370 3811 2421 3858 in
2441 3823 2567 3872 agro

373 3887 611 3949 Megara,
633 3883 696 3933 ad
719 3883 909 3934 flumen
940 3881 1158 3932 Alabum
1181 3883 1290 3934 sive
1315 3884 1438 3935 Ala·
1510 3884 1811 3947 catanensi,
1835 3885 1983 3948 enjus
2012 3885 2197 3935 incole
2220 3884 2431 3949 Hyblaei
2452 3886 2569 3934 sim-

371 3959 839 4024 bouern.qnivntgo
853 3973 988 4009 nune
1002 3961 1438 4022 accenseantur-o,-
1509 3961 1737 4024 pliciter,
1754 3959 1817 4008 ad
1847 3961 2143 4012 Simaethum
2181 3958 2233 4010 fl.
2272 3960 2367 4009 sub
2400 3959 2569 4008 AEtnae

379 4037 503 4086 urbs
524 4041 676 4085 antea
700 4049 731 4083 s
751 4034 886 4084 duce
911 4035 1154 4099 Hyblone
1173 4035 1340 4100 Hybla
1359 4037 1438 4086 di·
1507 4036 1697 4086 montis
1732 4036 2014 4103 radicibus,
2041 4051 2179 4088 nuuc
2212 4037 2447 4096 Paterno,
2479 4040 2570 4085 aut

379 4112 616 4163 sebatur·
680 4109 852 4161 Graeei
878 4111 944 4162 τὰ
965 4111 1166 4176 κόγαρα
1187 4111 1440 4162 dixerunt
1509 4111 1670 4162 eirca.

379 4192 430 4238 in
453 4187 642 4251 plurali
665 4201 896 4238 numero.
929 4187 1083 4238 Unde
1105 4188 1247 4238 sinus
1256 4187 1441 4251 Mega·
1573 4186 1597 4220 δ
1636 4187 1735 4243 Qui
1756 4189 1880 4250 apud
1900 4187 2247 4251 Hieronymum
2276 4185 2569 4252 mmereut]

379 4265 565 4330 tensis,
600 4263 666 4316 sd
705 4278 856 4332 quem
885 4278 1020 4318 nuuc
1049 4265 1305 4330 Augusta:
1339 4262 1442 4316 suit
1510 4263 1582 4316 Hi
1606 4263 1885 4316 Cretenses
1923 4263 2167 4316 conducti
2190 4261 2335 4326 prius
2356 4261 2423 4314 sb
2444 4261 2571 4314 Hie·
