3159 4934
638 393 812 457 2222
1573 407 1643 453 τ.
1688 407 1883 454 mvn

644 545 1032 627 implicitus,
1058 543 1270 608 serius
1299 563 1424 625 spe
1453 545 1747 609 omnium
1789 545 2076 609 Romam
2108 548 2317 611 venit·
2400 547 2498 612 M.
2533 548 2873 614 Marcel-

642 645 766 718 luS,
795 663 946 706 cum
999 642 1238 706 Idibus
1285 643 1552 706 Martiis
1602 644 2022 708 consulatum
2067 643 2361 720 inisset:
2402 655 2733 710 senatum
2774 667 2872 711 eo

641 745 772 817 die,
797 744 996 807 moris
1018 743 1216 808 modo
1245 761 1478 819 causa,
1495 743 1752 821 habuit,
1772 744 2147 825 professae,
2195 749 2217 778 ‘
2234 745 2399 810 nihil
2420 765 2517 822 se,
2544 748 2871 810 absente

641 844 913 926 collega,
945 863 1160 926 neque
1192 845 1278 908 de
1305 863 1374 907 re
1402 844 1699 926 publica,
1722 863 1935 927 neque
1968 846 2051 910 de
2078 847 2474 928 provinciis,
2496 853 2865 911 actutu--

641 946 828 1008 Scire
859 964 955 1019 se,
987 944 1365 1026 frequentes
1397 944 1663 1008 Siculos
1692 962 1903 1027 prope
1940 945 2183 1009 Urbem
2225 947 2295 1009 in
2336 945 2517 1010 villis
2562 948 2863 1010 obtrec-

643 1054 928 1110 tatorum
979 1065 1244 1110 suorum
1288 1065 1463 1110 esse.
1550 1044 1840 1123 QuibuS,
1868 1051 2124 1110 tantum
2150 1047 2411 1123 abesse,
2448 1054 2525 1109 ut
2578 1066 2713 1130 per
2772 1067 2861 1110 se

641 1167 770 1211 non
799 1146 994 1211 liceat
1021 1147 1240 1228 palam
1274 1146 1512 1210 Romae
1543 1145 1821 1209 crimina
1848 1145 2021 1210 edita
2062 1146 2357 1229 fictaque
2410 1147 2499 1210 ab
2528 1147 2855 1210 inimicis

628 1248 930 1327 ¹vulgare,
977 1253 1073 1322 ut,
1119 1249 1189 1310 ni
1230 1247 1631 1321 simularent,
1668 1247 1955 1329 aliquem
2006 1247 2135 1310 sibi
2176 1247 2493 1323 timorem,
2546 1249 2853 1310 absente

639 1346 915 1427 collega,
945 1346 1210 1410 dicendi
1241 1347 1326 1410 de
1353 1347 1631 1410 consule
1660 1365 1830 1423 esse,
1859 1349 2006 1428 ipse
2034 1348 2132 1410 eis
2174 1347 2849 1428 extemplo'daturus

621 1455 942 1511 senatum
986 1447 1200 1512 suerit.
1289 1446 1428 1511 Ubi
1459 1447 1722 1529 quidem
1765 1447 2027 1527 collega
2058 1447 2371 1523 venisset,
2400 1466 2533 1510 nou
2579 1467 2847 1529 passu-

620 1567 780 1611 ·rum
805 1549 1166 1632 quicquam
1194 1549 1377 1631 prius
1405 1548 1534 1628 agi,
1557 1565 1755 1629 quam
1784 1553 1857 1611 ut
1876 1553 1899 1594 ⁵
1944 1547 2154 1611 Siculi
2182 1549 2247 1612 in
2278 1555 2585 1611 senatum
2618 1549 2839 1611 intro-

641 1649 983 1715 ducantur.
1073 1649 1429 1713 Delectum
1478 1668 1690 1730 prope
1720 1667 1763 1712 a
1792 1647 1886 1711 M.
1920 1647 2230 1712 Cornelio
2264 1667 2385 1730 per
2412 1653 2619 1712 totam
2650 1647 2837 1712 Sici·

621 1751 798 1814 -liam
856 1748 1178 1825 habitum,
1231 1755 1303 1812 ut
1359 1767 1557 1831 quam
1614 1748 1877 1830 plurimi
1923 1753 2226 1831 questum
2276 1748 2359 1811 de
2406 1767 2481 1812 se
2528 1747 2837 1813 Romam

639 1850 955 1914 venirent.
1041 1848 1341 1912 Eundem
1372 1848 1578 1912 literis
1609 1848 1796 1911 falsis
1820 1847 2069 1913 Urbem
2100 1849 2437 1929 implesse,
2468 1849 2721 1912 bellum
2756 1849 2835 1912 in

623 1950 878 2013 Sicilia
931 1967 1102 2021 esse,
1153 1956 1229 2011 ut
1272 1967 1458 2011 suam
1515 1947 1780 2011 laudem
1838 1949 2131 2012 minuat?
2218 1948 2549 2012 Moderati
2612 1950 2829 2012 animi

639 2049 914 2130 gloriam
945 2067 1028 2112 eo
1059 2047 1168 2110 die
1195 2047 1481 2130 adeptus
1512 2048 1773 2123 consul,
1822 2055 2130 2111 senatum
2160 2048 2445 2127 dimisit3
2492 2067 2575 2112 ac
2604 2069 2826 2132 prope

627 2149 957 2231 justitium
983 2149 1275 2212 omnium
1298 2166 1516 2211 rerum
1537 2147 1823 2210 futurum
1848 2147 2207 2224 videbatur,
2230 2148 2440 2212 donec
2466 2150 2632 2213 alter
2658 2169 2825 2213 con-

637 2251 743 2314 sul
768 2249 855 2314 ad
880 2249 1125 2313 Urbem
1159 2250 1472 2313 venisset.
1560 2247 1813 2325 Otium,
1836 2254 1907 2312 ut
1926 2247 2117 2323 solet,
2136 2248 2455 2312 excitavit
2474 2250 2693 2332 plebis
2712 2269 2819 2314 ru-

637 2367 892 2412 mores:
940 2355 958 2385 ‘
983 2348 1138 2411 belli
1167 2348 1589 2411 diuturnitate
1610 2345 1641 2385 ⁶
1680 2353 1745 2409 et
1775 2353 2074 2410 vastatos
2104 2366 2300 2428 agros
2332 2349 2510 2412 circa
2542 2349 2816 2427 Urbem,

619 2467 774 2530 -qua
817 2447 1066 2510 infesto
1107 2449 1367 2528 agmine
1413 2446 1571 2510 isset
1617 2447 1981 2523 Hannibal,
2012 2452 2077 2508 et
2106 2447 2510 2511 exhaustam
2541 2449 2816 2514 delecti—

635 2551 762 2613 bus
804 2547 1100 2625 Italiam,
1141 2555 1208 2612 et
1253 2566 1469 2630 prope
1499 2549 1857 2630 quotannis
1898 2549 2236 2611 exercitus
2269 2557 2533 2612 caesos?
2578 2569 2811 2631 quere-

637 2652 962 2729 bantur;⁷
1005 2655 1072 2714 et
1101 2650 1410 2713 consules
1441 2649 1797 2712 bellicosos
1824 2650 2042 2724 ambo,
2076 2651 2254 2711 viros
2282 2669 2471 2712 acres
2510 2651 2705 2713 nimis
2738 2661 2812 2716 et

634 2755 912 2829 feroces,
962 2759 1247 2827 creatoS,
1300 2751 1418 2833 qui
1470 2750 1576 2812 vel
1620 2749 1687 2810 in
1735 2767 1902 2830 pace
1946 2749 2301 2830 tranquilla
2347 2750 2588 2812 bellum
2628 2753 2809 2816 exci-

631 2865 773 2924 tare
801 2859 1093 2938 possent,
1115 2854 1350 2916 nedum
1382 2851 1448 2912 in
1476 2850 1660 2914 bello
1688 2849 2016 2931 respirare
2042 2850 2391 2914 civitatem
2419 2851 2633 2915 forent
2655 2869 2807 2934 pas-

619 2955 815 3021 ·suri.’

1544 3062 1659 3083 ‘m
1662 3063 1901 3084 OOOOO

630 3187 660 3230 5
698 3178 779 3227 ΑΙ.
800 3179 1045 3229 omittunt
1065 3180 1124 3228 τὸ
1145 3183 1316 3228 ιιι-6
1347 3179 1729 3230 Diuturnitatem
1747 3179 1837 3228 dat
1859 3179 2225 3243 Kreyssig.—7
2259 3180 2322 3229 Iu
2348 3177 2481 3230 Edd.
2504 3185 2626 3230 ante
2648 3181 2803 3232 Gron.

627 3249 676 3291 et
705 3257 792 3306 pro
825 3244 1066 3304 republica
1104 3243 1284 3292 Cannis
1318 3245 1555 3292 exereitus
1592 3259 1734 3293 εοεαε
1766 3245 2092 3308 querebantur.
2160 3244 2294 3292 Pall-
2331 3239 2472 3292 Men.
2504 3243 2622 3293 Per.
2664 3248 2800 3296 Voss.

627 3309 928 3434 mur-52:1⁸&
955 3308 1234 3358 cunensis.
1298 3308 1423 3357 Pur.
1455 3322 1541 3370 pru
1562 3322 1615 3356 re
1648 3310 1770 3371 quod
1806 3308 1961 3357 ωιτιίε.
2029 3307 2161 3356 Dein
2183 3307 2243 3355 τὸ
2263 3311 2311 3356 et
2340 3308 2445 3357 del.
2470 3307 2633 3357 Gron.
2656 3311 2797 3360 Crev-

1616 3483 1829 3535 NOTAE

689 3578 718 3608 ⁶
753 3575 818 3628 A.
845 3579 912 3628 U.
939 3579 997 3628 C.
1021 3585 1134 3629 543.
1283 3615 1294 3624 .
1754 3578 1919 3630 ferme
1942 3579 2091 3631 clade
2124 3592 2311 3644 magua
2339 3580 2605 3644 pugnare)
2671 3579 2795 3632 Nun

690 3662 716 3695 Ρ
747 3655 906 3715 Prope
946 3655 1196 3717 quotannis
1232 3654 1469 3703 exercitus
1509 3653 1678 3716 cecos]
1754 3653 1880 3704 ferri
1906 3669 2007 3706 nou
2030 3661 2205 3718 potest
2225 3655 2361 3719 quod
2387 3654 2441 3704 iu
2462 3656 2579 3705 alii·
2602 3656 2793 3720 scripti·

625 3729 851 3791 Egregie
893 3728 1025 3778 hunc
1058 3731 1222 3780 locum
1258 3730 1501 3779 emendat
1542 3729 1673 3778 Gro-
1755 3731 2017 3781 codicibus
2054 3731 2246 3793 legitur
2264 3743 2351 3792 pro
2374 3733 2567 3794 req-nod
2592 3733 2792 3784 Geum-

627 3817 744 3851 nov.
779 3805 988 3852 mutatis
1026 3803 1220 3854 duabus
1255 3819 1320 3853 ex
1353 3804 1534 3854 codice
1570 3804 1672 3853 Pu·
1754 3807 1853 3856 εἰει
1900 3808 2051 3869 longe
2094 3805 2261 3854 minus
2301 3805 2509 3868 vulgata
2546 3805 2718 3870 lectio,
2750 3811 2795 3856 et

628 3884 782 3930 teano
805 3879 986 3940 literis,
1008 3879 1094 3928 ubi
1115 3881 1364 3943 scriptum
1387 3888 1501 3929 eret
1521 3895 1675 3942 prore
1750 3895 1838 3944 pm
1869 3897 1969 3946 rep.
1996 3879 2176 3931 Cannis
2204 3879 2443 3928 exereitus
2472 3893 2617 3930 cem
2644 3895 2791 3944 qure-

625 3955 746 4018 quod
797 3955 951 4013 anub,
995 3960 1270 4019 tueturque
1324 3957 1674 4019 conjecturum
1755 3951 1942 4006 buitur.
1983 3945 2199 4005 'Etenim⁸
2219 3954 2543 4017 longinquior
2562 3963 2680 4004 erat
2696 3953 2793 4006 bne

625 4027 782 4078 simili
818 4028 934 4077 loco
970 4027 1088 4076 libri
1127 4031 1359 4092 proxime
1393 4033 1673 4096 sequentis,
1754 4031 2034 4083 Cannensis
2058 4030 2251 4085 clades,
2272 4041 2425 4092 quam
2444 4037 2504 4078 ut
2526 4031 2647 4080 novi
2668 4043 2789 4080 nune

619 4105 636 4132 ⁸
657 4105 908 4166 paeimnm
945 4117 1132 4152 sunum
1167 4105 1455 4156 delentibus
1493 4113 1551 4157 et
1579 4105 1673 4156 ari·
1754 4120 1819 4156 ex
1842 4119 1905 4156 ea
1926 4112 2138 4171 queunt
2160 4103 2439 4156 orirentur.

625 4177 828 4240 pendiin
883 4179 1159 4229 exhausto·
1215 4194 1344 4244 ene,
1395 4179 1670 4246 quotanni-
