3159 4934
1082 439 1223 486 ιω.
1272 440 1505 492 xxiii..
1550 441 1717 490 cm».
1761 425 1866 488 19.
2383 429 2552 493 1921

364 600 493 646 nus
520 581 703 644 enim
730 586 797 644 et
822 579 1049 646 vinum
1068 588 1137 645 et
1156 581 1377 664 epulae
1398 589 1467 648 et
1486 589 1708 650 scorta
1730 582 2136 666 balineaque
2154 590 2206 622 ¹²·
2231 590 2294 648 et
2321 585 2551 655 otium,

362 681 835 746 consuetudine
864 681 935 744 in
958 681 1103 746 dies
1126 682 1465 759 blandius,
1481 686 1581 748 ita
1607 693 2080 750 enervaverunt
2101 703 2382 766 corpora
2407 688 2554 750 ani·

362 803 677 866 mosque,
722 791 799 848 ut
848 783 1063 863 magis
1108 783 1343 850 deinde
1394 787 1750 866 praeteritae
1805 786 2100 850 victoriae
2149 805 2294 864 eos,
2349 807 2550 870 quarn

362 893 745 966 praesentes
791 889 1160 950 tutarentur
1202 886 1415 965 vires3
1458 884 1812 969 majusque
1851 887 1922 951 id
1963 895 2314 969 peccatum
2358 888 2552 953 ducis

362 985 545 1067 apud
596 985 845 1068 peritos
880 985 1116 1052 artium
1148 983 1529 1052 militarium
1560 988 1928 1062 baberetur,
1960 1006 2160 1071 quam
2189 989 2372 1071 quod
2412 1009 2550 1054 non

357 1107 447 1168 ex
500 1084 841 1155 Cannensi
878 1086 1027 1152 acie
1064 1093 1381 1169 protenus
1425 1088 1513 1152 ad
1552 1089 1782 1154 urbem
1815 1087 2190 1153 Romanam
2219 1089 2549 1156 duxisset.

361 1186 499 1253 Illa
542 1190 719 1252 enim
748 1187 1091 1254 cunctatio
1122 1187 1469 1256 distulisse
1496 1189 1702 1256 modo
1729 1189 2078 1255 victoriam
2115 1191 2324 1256 videri
2356 1201 2552 1276 potu·

358 1290 418 1352 it
437 1309 457 1368 ;
489 1288 601 1352 hic
624 1308 797 1358 error
820 1288 997 1354 vires
1018 1289 1345 1355 ademisse
1366 1290 1455 1356 ad
1472 1289 1890 1356 vincendum.
1948 1290 2218 1376 Itaque,
2237 1292 2550 1364 Hercule,

364 1392 557 1455 velut
602 1393 661 1455 si
705 1409 857 1455 cum
902 1391 1039 1457 alio
1078 1391 1379 1460 exercitu
1423 1411 1467 1458 s
1510 1392 1752 1476 Capua
1791 1392 2030 1472 exiret,
2059 1394 2224 1460 nihil
2263 1414 2552 1479 nsquam

360 1493 673 1576 pristinae
728 1492 1107 1574 disciplinae
1162 1494 1399 1560 tenuit.
1515 1493 1696 1560 Nam
1745 1499 1816 1558 et
1867 1493 2208 1562 redierunt
2251 1495 2550 1580 plerique,

358 1595 603 1658 scortis
630 1593 978 1676 implicitis
1022 1600 1111 1671 et,
1138 1594 1255 1659 ubi
1283 1595 1567 1676 primum
1599 1596 1728 1658 sub
1758 1594 2046 1676 pellibus
2071 1596 2304 1660 haberi
2335 1599 2551 1680 coepti

362 1704 541 1770 sunt,
573 1696 818 1777 visque
862 1699 931 1760 et
958 1693 1133 1760 alius
1161 1695 1467 1762 militaris
1492 1693 1684 1758 labor
1711 1695 2011 1777 excepit,
2037 1696 2322 1760 tironum
2351 1697 2550 1761 modo

362 1797 754 1878 corporibus
774 1796 1149 1879 animisque
1172 1795 1616 1862 deficiebant:
1659 1802 1726 1860 et
1747 1794 1988 1860 deiude
2011 1815 2134 1878 per
2153 1814 2346 1860 omne
2369 1798 2548 1862 aesti·

361 1917 601 1962 vorum
630 1903 893 1980 tempus
920 1916 1166 1980 magna
1192 1917 1355 1980 pars
1384 1898 1528 1962 sine
1568 1897 2052 1962 commeatibus
2083 1898 2172 1962 ab
2197 1898 2409 1980 signis
2451 1898 2551 1964 di-

348 2000 780 2064 labebantur:
824 2018 1043 2083 neque
1070 1998 1229 2066 aliae
1255 1997 1561 2072 latebrae,
1580 2015 1782 2079 quam
1811 1997 2069 2082 Capua,
2093 1998 2550 2064 desertoribus

360 2106 571 2164 erant.

446 2204 557 2268 19.
602 2203 941 2280 Ceterum,
973 2204 1359 2270 mitescente
1392 2203 1536 2285 jam
1567 2205 1822 2288 hyeme,
1847 2203 2094 2268 educto
2123 2223 2210 2268 ex
2239 2205 2548 2286 hybernis

362 2305 653 2382 milite,¹³
676 2304 1045 2370 Casilinum
1074 2303 1265 2370 redit.
1331 2301 1493 2381 Ubi,
1521 2323 1908 2387 quanquam
1933 2305 2023 2368 ab
2053 2306 2550 2388 oppugnatione

362 2417 699 2472 cessatum
732 2413 891 2481 erat,
922 2405 1189 2471 obsidio
1235 2415 1455 2472 tannen
1484 2408 1876 2471 continuata
1905 2405 2288 2488 oppidanos
2319 2408 2550 2489 praesi·

360 2509 685 2590 diumque
711 2505 799 2572 sd
830 2505 1135 2572 ultimum
1164 2505 1411 2588 inopiae
1440 2506 1836 2572 adduxerat.
1925 2506 2186 2572 Castris
2218 2507 2550 2572 Romanis

361 2609 471 2674 Ti.
498 2607 939 2690 Sempronius
968 2613 1275 2688 praeerat,
1304 2607 1632 2672 dictatore
1670 2609 2122 2691 auspiciorum
2161 2609 2550 2691 repetendo-

362 2729 505 2774 rum
558 2727 769 2775 causa
814 2708 1121 2791 profecto
1173 2707 1487 2774 Romam.
1574 2709 2001 2786 Marcellum,
2043 2717 2114 2772 et
2165 2711 2387 2791 ipsum
2431 2729 2546 2774 cu·-

362 2812 663 2892 pientem
682 2808 847 2874 ferre
875 2809 1205 2874 auxilium
1226 2809 1549 2885 obsessis,
1567 2815 1638 2873 et
1657 2807 2022 2873 Vulturnus
2039 2810 2254 2872 amnis
2275 2808 2550 2873 inflatus

363 2913 589 2994 aquis,
640 2917 709 2976 et
748 2929 983 2993 preces
1034 2909 1451 2974 Nolanorum
1504 2917 1700 2992 atque
1731 2907 2328 2986 Acerranorum,¹⁴⁸
2364 2918 2548 2976 tene-

362 3015 545 3089 bant,
587 3012 971 3094 Campanos
1012 3012 1403 3090 timentium,
1448 3012 1505 3076 si
1545 3011 1930 3096 praesidium
1975 3009 2352 3076 Romanum
2397 3013 2550 3076 abs-

362 3115 707 3180 cessisset.
808 3113 1177 3187 Gracchus,
1203 3114 1513 3180 assidens
1543 3121 1801 3179 tantum
1834 3111 2159 3190 Casilino,
2190 3113 2348 3195 quia
2377 3133 2548 3196 prse-

362 3214 608 3280 dictum
636 3221 779 3282 erat
806 3214 1233 3293 dictatoris,¹⁵
1254 3235 1337 3280 ne
1366 3214 1526 3298 quid
1552 3215 1826 3279 absente
1851 3230 1936 3278 eo
1965 3214 2060 3278 rei
2091 3221 2368 3294 gereret,
2387 3213 2548 3278 nihil

1276 3390 1636 3415 ‘mn‘

362 3509 639 3558 convenit!
674 3509 1008 3572 Κυμώ-11
1060 3507 1123 3556 In
1158 3507 1292 3556 Edd.
1334 3513 1457 3556 snte
1495 3505 1725 3556 Gronorr.
1766 3505 2235 3554 instaurante-12
2281 3500 2551 3566 Bali-euque

360 3575 549 3622 notiori
574 3572 741 3622 fornia
764 3573 897 3621 Edd.
916 3570 1166 3621 nonnulli.

430 3642 491 3686 13
528 3638 609 3686 ΑΙ.
648 3639 787 3685 ducto
821 3652 881 3685 ex
918 3635 1140 3702 hybernis
1172 3634 1471 3684 milita-14
1504 3632 1687 3696 ‘Conj.
1723 3631 1777 3683 J.
1813 3632 1870 3682 F.
1912 3633 2142 3682 Gronov.
2185 3632 2544 3681 Avellanorum:

356 3702 549 3750 rectius
571 3701 941 3751 Abellanmmss
975 3701 1327 3764 Raptim—15
1362 3697 1518 3748 Melit
1541 3697 1754 3761 Donjst.
1787 3697 1992 3746 edictum
2011 3696 2277 3758 dictatoris,
2313 3703 2402 3746 sut
2420 3709 2546 3758 μω·

1348 3841 1561 3894 Nom:

420 3943 435 3978 ¹
466 3944 623 4012 Atque
646 3941 1015 4004 Acerranorum]
1051 3940 1249 4006 Objicit
1274 3941 1411 3992 Gro-
1490 3953 1614 4000 rum,
1637 3937 1773 4000 quod
1796 3936 1920 3988 ostis
1952 3937 2250 4001 probabile-3
2285 3935 2386 3988 fuit
2407 3937 2544 3986 enim

354 4018 561 4079 novius,
584 4017 879 4068 Acerranos
899 4025 1021 4066 tunc
1040 4019 1205 4066 nultos
1229 4013 1412 4077 fuisse,
1491 4013 1678 4072 Abella,
1716 4027 1804 4062 seu
1828 4014 2016 4072 Avens,
2058 4014 2351 4076 Campania
2397 4011 2545 4072 oppi-

354 4091 567 4144 Acerris
599 4094 712 4158 jam
756 4092 1001 4153 incensis,
1043 4105 1202 4156 supra
1244 4105 1293 4140 c·
1331 4093 1411 4138 17.
1492 4089 1634 4144 dum,
1661 4087 1814 4139 Nolae
1835 4089 2002 4140 adhuc
2031 4087 2244 4153 propior
2266 4100 2418 4152 quam
2441 4085 2546 4138 sint

356 4169 640 4232 respondet
664 4175 855 4234 tamen,
878 4166 1014 4217 forte
1039 4167 1310 4216 restitutos
1331 4163 1410 4214 fu·
1490 4163 1720 4214 Acerra·-

354 4241 489 4304 iue5
523 4250 612 4295 sut
656 4252 802 4294 certe
844 4243 1119 4306 legendum
1157 4241 1409 4291 Avellana-
