3159 4934
1136 399 1280 449 nin.
1327 399 1560 450 xxvi.
1600 402 1693 450 cA
1706 403 1781 450 1³.-
1811 384 1921 450 16.
2440 387 2629 456 2195

425 544 638 622 meis3
683 549 954 627 petatur
981 561 1024 607 a
1054 543 1294 608 virtute
1321 544 1558 610 invisae
1588 543 1789 629 hujus
1808 542 1971 611 vitae
1998 541 2339 610 vindicta-⁹
2397 543 2625 630 Atque

423 644 520 708 ita
549 644 795 726 gladio,
822 663 1020 728 quem
1053 649 1240 708 veste
1281 653 1569 721 texerat,
1611 663 1733 729 per
1757 645 2114 710 adversum
2139 650 2379 729 pectus
2408 653 2623 711 trans-

422 743 628 822 fixus,
662 751 814 810 ante
843 746 1053 830 pedes
1079 746 1508 830 imperatoris
1533 745 1968 812 moribundus
1994 747 2369 831 procubuit.

504 845 614 912 16.
657 846 864 926 Quia,
891 855 962 912 et
983 847 1171 933 quod
1189 848 1278 912 ad
1301 847 1714 932 supplicium
1739 848 1987 913 attinet
2004 846 2525 930 Campanorum,
2546 856 2621 918 et

420 947 737 1031 pleraque
767 949 904 1018 alia
927 949 1010 1014 de
1031 949 1263 1014 Flacci
1293 949 1490 1014 unius
1521 949 1851 1015 sententia
1874 955 2027 1014 acta
2049 956 2259 1027 erant,
2288 955 2623 1016 mortuum

418 1046 553 1131 Ap.
579 1047 934 1116 Claudium
953 1052 1079 1114 sub
1101 1050 1508 1116 deditionem
1527 1050 1805 1135 Capuae,
1828 1050 2103 1134 quidam
2121 1051 2407 1116 tradunt:
2438 1050 2619 1116 hunc

415 1168 687 1235 quoque
719 1152 938 1234 ipsum
961 1151 1300 1216 Tauream
1345 1171 1568 1236 neque
1622 1171 1755 1218 sua
1793 1159 2033 1235 sponte
2072 1151 2344 1220 venisse
2388 1150 2615 1232 Cales,

413 1271 632 1336 neque
663 1271 788 1317 sua
817 1273 1016 1318 manu
1045 1255 1456 1319 interfectum
1481 1275 1500 1334 ;
1545 1254 1687 1330 sed,
1718 1253 1875 1318 dum
1908 1252 2074 1320 inter
2090 1259 2353 1320 ceteros
2378 1253 2463 1318 ad
2492 1273 2615 1337 pa-

411 1353 553 1417 lum
584 1354 926 1436 deligatur,
957 1356 1120 1440 quia
1149 1374 1384 1439 parum
1417 1356 1589 1422 inter
1630 1355 1949 1439 strepitus
1978 1354 2285 1420 exaudiri
2312 1362 2611 1439 possent,

411 1474 566 1537 quae
596 1457 1114 1535 vociferabatur,
1161 1457 1494 1522 silentium
1543 1455 1683 1520 fieri
1731 1454 2056 1521 Flaccum
2092 1455 2425 1539 jussiss03
2470 1461 2611 1520 tum

409 1554 735 1621 Tauream
773 1558 914 1636 illa,
953 1577 1110 1642 quae
1138 1562 1290 1622 ante
1321 1563 1689 1622 memorata
1718 1567 1899 1634 sunt,
1930 1557 2213 1636 dixisse,
2257 1561 2279 1592 ‘
2300 1559 2517 1622 virum
2537 1577 2613 1625 se

407 1656 842 1724 fortissimum
889 1661 976 1725 ab
1017 1677 1450 1744 nequaquam
1493 1659 1644 1742 pari
1694 1658 1780 1724 ad
1821 1659 2133 1724 virtutem
2173 1659 2439 1735 occidi,’
2476 1661 2607 1725 sub

407 1757 553 1824 liaec
603 1759 784 1826 dicta
818 1759 1016 1845 jussu
1068 1760 1494 1844 proconsulis
1538 1779 1909 1844 praeconem
1959 1760 2057 1824 ita
2100 1761 2605 1843 pronuntiasse:

407 1865 430 1892 ‘
450 1859 701 1941 Lictor,
731 1863 875 1927 viro
913 1861 1067 1929 forti
1100 1862 1274 1928 adde
1305 1860 1548 1946 virgas,
1578 1861 1737 1928 etin
1766 1880 1915 1927 eum
1947 1860 2229 1946 primum
2260 1860 2407 1944 lege
2435 1864 2611 1945 ago.³

405 1960 692 2028 Lectum
721 1983 982 2048 quoque
1004 1969 1279 2029 senatus
1323 1963 1726 2042 consultum,
1758 1965 1943 2048 prius
1968 1983 2167 2048 quam
2206 1965 2423 2028 securi
2449 1964 2602 2030 feri-

401 2068 528 2140 ret,
561 2064 834 2146 quidam
862 2073 1179 2129 auctores
1220 2071 1414 2143 sunt3
1459 2063 1599 2136 sed,
1638 2065 1797 2148 quia
1826 2066 2186 2148 ascriptum
2226 2067 2295 2129 in
2324 2072 2599 2134 senatus

402 2163 704 2234 consulto
732 2164 949 2239 fuerit,
997 2167 1017 2200 ‘
1041 2165 1100 2230 si
1143 2164 1206 2230 ei
1246 2164 1599 2243 videretur,
1638 2165 1955 2246 integ-ram
1994 2185 2133 2230 rem
2171 2167 2259 2230 ad
2300 2174 2599 2232 senatum

398 2265 737 2351 reficeret:
765 2268 1267 2353 interpretatum
1299 2285 1470 2347 esse,
1489 2267 1656 2351 quid
1688 2267 1901 2349 magis
1931 2285 1970 2331 e
2000 2285 2070 2332 re
2099 2267 2377 2352 publica
2396 2268 2597 2333 duce-

399 2373 516 2445 ret,
540 2369 1050 2433 mstimationem
1074 2369 1206 2434 sibi
1229 2369 1651 2453 permissam.
1739 2368 2043 2453 Capuam
2068 2387 2111 2435 a
2134 2369 2414 2434 Calibus
2436 2377 2468 2418 ἵ
2496 2387 2599 2436 re·

395 2467 610 2534 ditum
641 2475 763 2549 est,
803 2467 1204 2555 Atellaque·
1245 2475 1314 2535 et
1338 2469 1648 2536 Galatia·
1691 2471 1762 2535 in
1804 2470 2212 2536 deditionem
2261 2479 2611 2567 acceptae.
2702 2537 2711 2546 ,

395 2569 504 2634 Ibi
533 2590 800 2657 quoque
839 2573 907 2637 in
937 2591 1076 2649 eos,
1108 2573 1228 2656 qui
1259 2572 1480 2656 capita
1507 2591 1729 2636 rerum
1772 2579 1983 2649 erant,
2028 2571 2590 2637 animadversum.

395 2670 502 2736 Ita
540 2673 630 2738 ad
667 2675 1084 2757 septuaginta
1109 2680 1158 2720 ¹⁵
1201 2673 1540 2757 principes
1583 2678 1859 2736 senatus
1905 2671 2270 2751 interfecti3
2314 2675 2589 2737 trecenti

389 2771 599 2838 ferme
625 2775 887 2840 nobiles
911 2774 1242 2857 Campani
1269 2772 1338 2836 in
1361 2790 1693 2837 carcerem
1710 2771 2002 2837 conditi:
2047 2771 2190 2848 alii,
2221 2791 2341 2856 per
2368 2774 2587 2837 socio·

389 2892 536 2937 rum
577 2875 804 2944 Latini
842 2875 1132 2941 nominis
1165 2874 1358 2938 urbes
1386 2873 1457 2937 in
1487 2873 1835 2938 custodias
1864 2872 2031 2951 dati,
2061 2873 2266 2938 variis
2310 2873 2585 2939 casibus

389 2975 814 3042 interierunt:
885 2975 1238 3041 multitudo
1287 2977 1423 3041 alia
1482 2975 1732 3041 civium
1782 2973 2273 3059 Campanorum
2340 2993 2580 3041 venum

390 3074 568 3144 data.
659 3076 763 3143 De
785 3078 946 3149 urbe
967 3097 1264 3163 agroque
1285 3079 1539 3161 reliqua
1569 3077 1970 3142 consultatio
1998 3078 2147 3154 suit,
2180 3077 2582 3161 quibusdam

386 3177 728 3244 delendam
755 3181 1168 3245 censentibus
1197 3181 1430 3243 urbem
1458 3178 1916 3261 praevalidam,
1946 3180 2421 3264 propinquam,
2453 3179 2579 3243 ini-

384 3283 648 3348 micam.
734 3280 1045 3347 Ceterum
1103 3297 1398 3362 praesens
1455 3277 1712 3343 utilitas
1772 3279 1955 3344 vicit.
2061 3279 2241 3344 Nam
2301 3288 2581 3363 propter

385 3403 632 3466 agrum,
666 3402 862 3466 quem
891 3381 1071 3444 omni
1098 3379 1443 3444 fertilitate
1482 3384 1677 3444 terrm
1716 3379 1881 3443 satis
1914 3379 2262 3443 constabat
2290 3379 2574 3461 primum

381 3485 450 3548 in
480 3481 684 3549 Italia
713 3501 884 3560 esse,
913 3481 1068 3545 urbs
1097 3486 1361 3545 servata
1386 3486 1508 3558 est,
1540 3489 1619 3544 ut
1646 3485 1821 3545 esset
1848 3478 2077 3562 aliqua
2106 3485 2438 3544 aratorum
2472 3500 2574 3546 se-

381 3584 524 3649 des.
633 3582 802 3649 Urbi
857 3581 1361 3664 frequentandae
1400 3581 1757 3647 multitudo
1816 3581 2179 3645 incolarum
2229 3581 2571 3647 libertino—

379 3703 653 3768 rumque
718 3687 787 3746 et
840 3682 1222 3745 institorum
1278 3681 1732 3765 opificumque
1792 3688 2088 3747 retenta:
2151 3700 2307 3764 ager
2348 3685 2567 3748 omnis

381 3791 452 3849 et
498 3791 686 3850 tecta
728 3783 1006 3868 publica
1048 3781 1288 3867 populi
1327 3781 1620 3848 Romani
1660 3782 1865 3847 facta.
1952 3780 2262 3849 Ceterum
2287 3783 2570 3854 habitari

1361 3979 1582 4031 NOTAE

439 4087 462 4126 r
485 4077 701 4144 Calibus]
727 4080 888 4144 Cales,
907 4079 1031 4131 bod.
1056 4079 1212 4142 Calvi,
1232 4078 1284 4128 in
1298 4077 1424 4128 Ter·
1505 4078 1691 4128 itinere
1714 4077 1851 4128 inter
1870 4079 2101 4142 Capuam
2122 4085 2179 4129 et
2200 4079 2494 4142 Neapolim.

373 4172 432 4208 ra
452 4155 680 4207 Laboris.
1567 4161 1593 4191 ⁸
1626 4154 1843 4219 Calatia]
1876 4154 2048 4218 Vulgo
2077 4155 2285 4205 Gaiano
2316 4155 2371 4204 in
2402 4155 2563 4207 Terra

438 4241 458 4270 ¹
509 4233 778 4300 Atellaque]
831 4231 986 4283 Nunc
1015 4229 1220 4295 Aversa,
1253 4229 1425 4282 medio
1504 4242 1705 4296 quoque
1729 4229 1965 4281 Laboris.
