3159 4934
1327 444 1468 492 mu.
1518 441 1716 493 xxv.
2438 436 2608 503 2077

487 578 599 629 tiria
631 585 688 629 et
719 577 806 629 die
835 578 972 631 festo
1004 580 1207 638 Diana,
1227 596 1328 647 quo
1361 582 1611 648 oppidani
1636 584 1753 635 vino
1774 598 2053 650 somnoque
2076 594 2372 651 gravantur.
2440 592 2613 643 Nocte

490 659 724 721 proxima
751 661 960 711 Romani
993 662 1146 712 scalis
1179 663 1408 715 evadunt
1433 666 1488 714 iu
1510 680 1749 715 murum:
1795 670 1877 715 2⁴.
1908 676 1960 715 et
1997 668 2307 732 Hexapylon
2344 670 2613 734 Epipolas·

489 753 590 803 que
613 738 842 803 capiunt.
910 741 1020 790 Sub
1053 742 1216 790 luceat
1251 744 1532 793 Marcellus
1565 745 1799 795 omuibus
1832 760 1947 795 cum
1979 748 2145 811 copiis
2180 749 2356 798 urbem
2390 750 2615 813 ingredi-

490 827 593 880 tur,
613 825 961 884 reputansque
983 834 1176 882 secum,
1199 822 1369 870 omnia
1401 836 1520 872 mox
1555 838 1755 886 arsura,
1779 824 2082 888 illacrymat.
2150 831 2231 876 25.
2264 827 2613 878 Achradinam

487 910 762 961 murosque
785 898 1042 961 Epicydes
1064 906 1118 949 et
1143 898 1420 963 transfuga
1449 909 1652 963 tenent,
1686 904 2071 968 Euryalumque
2093 919 2267 955 arcem
2292 914 2468 958 tuetur
2490 908 2615 957 Phi-

489 975 724 1025 lodemus
762 976 1023 1041 Argivus:
1060 980 1309 1042 Neapolis
1345 995 1464 1030 vero
1497 990 1552 1031 et
1586 983 1756 1047 Tyclie
1791 997 1820 1030 a
1854 984 2097 1035 Romanis
2131 985 2463 1049 dzripiuniur.
2531 991 2615 1037 26.

490 1055 654 1107 Peste
686 1056 1025 1107 absumuntur
1058 1060 1203 1107 multi
1235 1060 1450 1109 Romani
1487 1076 1763 1125 omnesque
1788 1060 1898 1111 fere
1930 1064 2078 1113 Poeui
2114 1080 2229 1114 cum
2254 1066 2375 1129 ipsis
2398 1066 2615 1117 ducibus

493 1134 820 1199 Hippocrate
862 1145 919 1185 et
967 1136 1283 1200 Himilcone,
1321 1139 1407 1203 qui
1444 1147 1659 1203 repente
1694 1142 2029 1191 advenerant.
2095 1147 2177 1193 2⁷.
2208 1146 2467 1195 Bomilcar
2500 1160 2617 1197 cum

491 1216 654 1266 classe
692 1216 894 1266 Punica
933 1216 1228 1283 ingentique
1267 1226 1554 1268 commeatu
1602 1220 1869 1283 adventat,
1904 1229 1961 1271 et
1998 1223 2261 1287 Epicydes
2297 1226 2509 1289 navigat
2549 1225 2615 1276 ad

493 1310 627 1351 euru,
651 1302 902 1351 metuens,
925 1310 992 1346 ue
1013 1296 1081 1347 ob
1109 1308 1290 1347 ventos
1324 1299 1568 1349 adversos
1591 1298 1823 1350 Africam
1858 1309 2083 1365 repetat.
2147 1304 2251 1354 Sed
2278 1304 2365 1354 ubi
2400 1308 2617 1357 tendere

495 1376 558 1425 ad
592 1390 650 1427 se
689 1378 943 1427 Romanas
975 1392 1132 1428 naves
1152 1378 1333 1428 vident
1364 1379 1505 1429 circa
1537 1380 1841 1445 Pachynum
1876 1395 2045 1444 prom.
2079 1382 2165 1431 ille
2198 1384 2500 1447 Tarentum,
2532 1386 2619 1436 bic

471 1455 833 1519 Agrigentum
871 1459 1022 1521 petit.
1087 1462 1168 1508 28.
1204 1458 1477 1507 Exercitus
1507 1457 1795 1509 Siculorum
1838 1458 2111 1523 prefectos
2149 1462 2392 1525 Epicydis
2422 1464 2618 1515 interfl—

491 1536 653 1592 ciunt.
695 1544 750 1587 et
789 1537 1120 1587 multitudiue
1157 1539 1221 1586 ad
1260 1538 1562 1587 concionem
1600 1547 1784 1588 vocata
1819 1547 2104 1602 exponunt,
2143 1555 2259 1605 quae
2302 1550 2457 1606 pacta
2507 1546 2617 1607 jam

493 1616 720 1667 babeant
751 1631 866 1667 cum
901 1617 1171 1667 Marcello.
1234 1620 1318 1667 29.
1357 1618 1488 1666 Tum
1524 1617 1588 1667 ad
1624 1617 1759 1668 huuc
1794 1618 2101 1682 Syracusani
2146 1620 2358 1671 mittunt
2401 1624 2622 1686 legatos,

495 1711 774 1761 omnesque
809 1697 948 1762 pleni
980 1702 1102 1747 sunt
1134 1696 1280 1747 bone
1314 1697 1448 1760 spei,
1481 1704 1679 1761 praeter
1712 1696 2005 1761 transfugas
2040 1706 2095 1748 et
2129 1702 2492 1767 mercenarios,
2532 1705 2621 1769 qui

495 1787 752 1843 verentes,
773 1796 840 1831 ue
865 1781 1136 1832 tradantur
1157 1781 1421 1835 Romanis,
1443 1787 1697 1845 pretores
1730 1783 2020 1847 multosque
2042 1782 2183 1833 cives
2206 1784 2539 1849 obtruncant,
2566 1796 2623 1839 et

496 1875 587 1909 sex
615 1860 896 1924 profectos
919 1867 1119 1923 creant,
1137 1867 1196 1911 nt
1221 1862 1354 1912 terni
1393 1862 1607 1934 proesint
1628 1860 1941 1911 Achradinae
1964 1876 2023 1912 ac
2047 1863 2208 1915 Naso.
2276 1870 2355 1916 30.
2390 1868 2536 1916 Unus
2558 1882 2622 1917 ex

496 1941 581 2002 iis,
603 1941 834 1993 Mericus
856 1942 1140 2006 Hispanus,
1163 1940 1512 1992 Achradinam
1539 1938 1714 2006 prodit
1738 1942 2012 1998 Marcello,
2045 1950 2099 1993 et
2132 1945 2423 2007 agminibus
2457 1961 2623 1997 arma-

496 2028 665 2071 torum
687 2035 750 2071 eo
772 2022 1194 2073 concurrentibus
1215 2021 1281 2072 ab
1305 2022 1465 2079 Naso.
1488 2023 1603 2073 boec
1624 2036 1828 2087 quoque
1849 2020 1993 2071 urbis
2016 2036 2133 2086 pars
2151 2038 2180 2071 a
2202 2024 2461 2088 Romania,
2482 2027 2623 2075 navi·

500 2100 595 2149 bus
629 2101 690 2149 ad
731 2116 842 2150 eam
879 2103 1150 2165 expositis,
1188 2101 1404 2164 capitur.
1473 2106 1555 2151 31.
1605 2099 1907 2163 Transfugis
1940 2102 2163 2164 spatium
2202 2104 2450 2168 locusque
2484 2104 2621 2169 fuge

500 2180 670 2242 datur,
691 2187 745 2230 et
764 2180 1094 2243 Syracusani,
1125 2181 1263 2229 omui
1299 2180 1508 2229 taudem
1539 2180 1696 2229 liberi
1732 2187 1892 2243 metu,
1921 2180 2175 2230 Marcello
2210 2197 2267 2231 se
2302 2184 2625 2246 permittunt.

501 2258 634 2307 lude
672 2259 791 2308 urbs
824 2258 1117 2322 diripienda
1162 2258 1314 2307 militi
1361 2258 1638 2319 ‹latui-3111
1680 2273 1785 2323 quo
1829 2260 2049 2309 tumultu
2091 2260 2425 2312 Archimedes
2466 2265 2622 2329 perit.

503 2339 840 2397 Frumentum
861 2353 1060 2403 quoque
1093 2338 1146 2388 in
1179 2350 1412 2402 tempore
1443 2339 1729 2403 Syracusas
1764 2340 1925 2390 mittit
1958 2340 2021 2389 Τ.
2045 2340 2325 2406 Otacilius,
2356 2345 2443 2407 qui
2477 2358 2623 2408 agros

503 2420 642 2469 circa
666 2420 872 2470 Uticam
897 2418 1239 2483 depopulatus
1260 2427 1392 2469 erat.
2674 2470 2681 2476 ⁶

438 2506 518 2552 32.
554 2500 615 2549 Iu
638 2500 894 2564 Hispania
928 2499 1198 2564 Scipiones
1231 2499 1466 2551 bifariam
1489 2500 1563 2550 ita
1583 2501 1827 2551 dividunt
1848 2500 2155 2564 exercitum,
2176 2508 2229 2549 ut
2261 2502 2473 2553 Publius
2496 2504 2623 2557 duas

500 2583 614 2647 ejus
651 2588 825 2645 partes
862 2580 1107 2630 adversus
1129 2576 1408 2645 Magonem
1443 2588 1500 2632 et
1535 2582 1910 2632 Hasdrubalem
1946 2580 2187 2644 Gisgonis
2218 2582 2395 2647 filium,
2436 2586 2626 2636 Cnoeus

501 2663 712 2712 tertiam
749 2670 950 2725 partem
973 2661 1226 2725 adjunctis
1271 2672 1366 2711 xx.
1391 2676 1456 2710 m.
1491 2662 1769 2711 Celtiberis
1799 2660 2047 2712 adversus
2082 2660 2461 2713 Hasdrubalem
2494 2665 2624 2717 Bar·

503 2742 674 2790 einum
716 2740 894 2790 ducat.
957 2744 1040 2789 33.
1074 2740 1345 2794 Celtiberi,
1377 2754 1567 2803 magna
1599 2740 1839 2789 mercede
1874 2755 1905 2789 a
1936 2740 2112 2788 Poenis
2144 2742 2408 2802 solicitati,
2431 2743 2626 2795 abeunt

505 2821 705 2881 domos,
726 2828 783 2869 et.
805 2820 904 2869 Cn.
926 2819 1121 2883 Scipio,
1154 2832 1292 2868 nuuc
1329 2818 1496 2880 impar
1529 2818 1818 2882 propinquo
1848 2819 2002 2877 liosti,
2026 2824 2161 2866 retro
2183 2819 2339 2869 cedit.
2404 2824 2484 2870 34.
2518 2822 2626 2871 Par

505 2908 694 2965 terror,
717 2900 1005 2963 periculum
1029 2897 1213 2961 majus,
1237 2896 1451 2947 fratrem
1475 2906 1647 2961 urget,
1673 2906 1780 2946 tum
1802 2911 1831 2946 a
1853 2897 2146 2957 Masinissa,
2169 2898 2308 2947 socio
2330 2899 2625 2956 Poeuorum,

505 2980 592 3043 qui
618 2994 732 3029 cum
755 2978 992 3042 equitatu
1015 2976 1358 3027 Numidarum
1382 2977 1571 3039 sapius
1608 2976 1833 3026 interdiu
1857 2990 2039 3039 agmen
2065 2982 2121 3025 et
2143 2985 2301 3026 noctu
2324 2984 2493 3027 castra
2510 2979 2626 3043 eJus

508 3060 716 3109 incursu
738 3058 932 3120 turbat,
952 3065 1058 3107 tum
1085 3058 1150 3107 ab
1172 3056 1400 3120 Indibili,
1421 3058 1510 3121 qui
1536 3056 1713 3107 Poeuis
1735 3056 1947 3107 adducit
1984 3056 2193 3107 auxilia.
2264 3056 2400 3107 Huic
2425 3058 2625 3109 obviam

507 3140 548 3189 it
574 3139 636 3188 P.
657 3138 850 3201 Scipio,
873 3144 931 3186 et
951 3138 1168 3202 primum
1191 3137 1244 3185 in
1269 3150 1443 3200 pugna
1467 3138 1707 3201 superior
1728 3144 1805 3186 est
1828 3152 1843 3197 ;
1876 3136 1990 3191 sed,
2025 3135 2418 3187 advenientibus
2444 3137 2625 3188 Numi-

507 3218 586 3269 dis
614 3228 667 3267 et
693 3220 845 3282 paulo
877 3224 996 3281 post
1027 3216 1242 3267 ducibus
1267 3216 1568 3278 Poenorum,
1593 3229 1785 3279 auceps
1806 3214 1867 3265 fit
1890 3215 2142 3277 pralium,
2160 3215 2211 3263 iu
2234 3230 2335 3279 quo
2356 3218 2466 3280 ipse
2487 3217 2629 3268 cadit

509 3307 563 3349 et
596 3299 812 3349 Romani
847 3296 1202 3362 profligantur.
1268 3299 1351 3344 35.
1380 3295 1508 3344 Tum
1535 3302 1641 3344 tres
1676 3294 1824 3342 Poeni
1848 3293 2005 3344 duces
2029 3296 2341 3358 conjungunt
2366 3310 2421 3346 se
2444 3298 2625 3348 adver·

509 3395 596 3431 sus
632 3381 728 3431 Cn.
763 3378 1078 3443 Scipionem,
1103 3376 1208 3439 qui,
1231 3382 1478 3439 quantum
1514 3380 1708 3438 potest,
1728 3374 1947 3432 recedit,
1977 3377 2059 3423 36.
2094 3380 2149 3422 et
2186 3374 2435 3423 tumulum
2468 3377 2627 3439 capit.

509 3460 566 3508 Is
591 3462 712 3524 quia
745 3457 913 3507 nudus
949 3470 1044 3505 uec
1072 3455 1200 3505 satis
1221 3454 1411 3504 arduus
1435 3462 1536 3511 est,
1560 3454 1778 3504 Romani
1802 3453 2018 3502 clitellas
2039 3452 2365 3517 sarcinasque
2386 3467 2625 3505 accumu—

512 3541 645 3589 latas
682 3539 795 3588 loco
819 3536 942 3586 valli
976 3536 1225 3601 objiciunt
1247 3520 1503 3585 hostibus:
1538 3542 1591 3585 at
1614 3549 1733 3585 mox
1756 3534 1908 3598 pauci
1933 3532 1999 3581 ab
2022 3531 2195 3582 multia
2219 3547 2333 3581 cnm
2358 3533 2473 3597 ipso
2494 3533 2627 3586 duce

511 3617 799 3669 creduntur.
863 3620 942 3666 37.
977 3617 1036 3666 L.
1060 3616 1286 3665 Marcius
1305 3616 1524 3679 Septimi
1546 3615 1681 3666 filius
1714 3623 1768 3665 et
1789 3616 1851 3665 Τ.
1876 3612 2119 3663 Fonteius
2143 3613 2406 3678 utriusque
2428 3617 2629 3666 exerci-

513 3706 597 3749 tus
639 3698 882 3762 reliquias
922 3696 1183 3760 collegunt
1213 3696 1560 3763 junguntque.
1629 3696 1731 3745 Ille
1774 3694 1880 3744 dux
1924 3698 2131 3743 creatur
2164 3699 2217 3741 et
2254 3693 2627 3747 Hasdrubalem

514 3780 755 3843 Gisgonis
778 3776 933 3827 filium
960 3791 990 3827 a
1014 3776 1147 3826 vallo
1172 3777 1394 3840 repellit.
1459 3780 1540 3826 38.
1575 3776 1763 3840 Neque
1786 3789 1848 3824 eo
1871 3780 2145 3824 contentus
2164 3773 2350 3823 milites
2372 3775 2437 3824 ad
2459 3784 2629 3828 castra

515 3858 651 3907 illius
681 3860 818 3908 ultro
853 3856 1204 3922 oppugnanda
1240 3857 1578 3919 adhortatum
1613 3858 1696 3905 39.
1727 3860 1783 3904 et
1805 3854 2039 3919 proxima
2060 3859 2211 3903 nocte
2236 3862 2343 3904 tum
2366 3854 2496 3921 buc,
2516 3865 2627 3908 tum

519 3939 754 4001 proxima
775 3938 956 3987 Poeuoi
967 3953 1050 3988 um
1075 3938 1220 4001 capit
1240 3944 1432 3988 castra.

454 4022 539 4069 40.
571 4018 872 4079 Marcellus,
892 4018 1058 4082 captis
1081 4018 1366 4080 Syracusis,
1396 4016 1691 4082 ceterisque
1716 4015 1767 4064 in
1787 4014 1965 4066 Sicilia
1998 4028 2186 4079 magua
2207 4013 2309 4064 fide
2340 4023 2397 4065 et
2414 4016 2629 4080 integri·

522 4106 630 4149 tate
659 4097 978 4161 compositis,
1009 4104 1308 4149 ornamenta
1340 4096 1480 4145 urbis
1515 4096 1727 4145 Romam
1754 4094 1991 4143 devebit:
2026 4092 2161 4143 uude
2185 4094 2402 4157 primum
2426 4093 2629 4147 initium

520 4176 738 4227 mirandi
773 4176 1075 4227 Graecarum
1109 4176 1295 4226 artium
1330 4188 1492 4239 opera
1523 4183 1577 4224 et
1612 4188 1758 4224 sacra
1789 4172 2108 4237 profanaque
2151 4174 2399 4237 spoliandi
2433 4170 2629 4227 factum

519 4264 620 4309 cst.
685 4256 887 4307 Bellum
903 4257 1107 4321 quidem
1132 4262 1400 4322 reparatur
1423 4255 1490 4307 ab
1513 4255 1766 4320 Epicyde,
1792 4254 2069 4318 Hannone,
2089 4261 2147 4304 et
2168 4252 2488 4317 potissimum
2511 4254 2629 4305 Mu.
