3159 4934
1119 481 1262 527 ma.
1315 479 1509 529 xxv·
1555 480 1724 529 on.
1769 466 1874 530 15.
2419 466 2593 531 210⁷

398 631 472 689 et
498 622 587 687 Τ.
614 620 955 686 Pedanius
984 619 1293 705 princeps
1324 622 1539 687 tertiat
1570 622 1906 705 legioni&
1973 620 2225 687 Hanno
2245 624 2332 688 ab
2366 623 2594 689 Comi-

398 726 515 789 nio
543 720 819 800 Cerito‚‘
855 742 989 805 quo
1019 726 1317 790 nuntiata
1348 728 1721 789 castrorum
1755 725 1982 790 clades
2015 732 2137 803 est,
2170 746 2318 789 cum
2351 728 2592 809 paucis

399 826 1013 906 frumentatoribus,
1065 846 1235 909 quos
1261 826 1431 891 forte
1464 846 1690 892 seeum
1737 829 2085 906 habuerat,
2131 827 2312 910 fugae
2355 829 2616 917 magisn

403 946 607 1011 quam
636 927 919 1005 itineriS,
943 928 1149 991 modo
1178 928 1245 990 in
1277 927 1579 992 Bruttios
1603 929 1820 994 rediit.

414 1053 423 1065 ·
486 1028 595 1093 15.
644 1026 731 1091 Et
753 1027 1105 1111 Campani,
1136 1027 1371 1092 audita
1419 1046 1545 1091 sua
1593 1027 1842 1110 pariter
1888 1028 2354 1112 sociorumque
2385 1028 2595 1106 clade,

401 1130 663 1212 legatos
722 1130 811 1193 ad
857 1127 1307 1193 Hannibalem
1360 1131 1704 1206 miserunt,
1765 1131 1880 1213 qui
1927 1131 2316 1209 nuntiarent,
2378 1134 2400 1163 ‘
2419 1130 2596 1197 duos

402 1231 717 1297 eonsules
748 1229 835 1294 ad
866 1230 1321 1295 Beneventum
1362 1248 1538 1308 esse,
1568 1229 1709 1294 diei
1755 1232 1884 1296 iter
1931 1251 1974 1297 a
2013 1230 2289 1314 Capua;
2336 1238 2595 1296 tantum

400 1350 535 1396 non
568 1332 651 1396 ad
682 1336 913 1413 portas
942 1337 1009 1393 et
1047 1349 1277 1394 muros
1324 1331 1573 1395 bellum
1617 1351 1791 1397 esse.
1882 1332 1979 1397 Ni
2031 1351 2314 1416 propere
2358 1333 2598 1396 subve-

401 1433 565 1511 niat,
596 1432 873 1497 celerius
906 1431 1236 1514 Capuam,
1260 1450 1463 1515 quam
1494 1431 1748 1515 ArpoS,
1767 1434 1839 1497 in
1867 1438 2271 1517 potestatem
2301 1431 2597 1497 hostium

403 1539 769 1598 venturam.
877 1531 984 1596 Ne
1040 1532 1407 1597 Tarentum
1465 1533 1762 1616 quidem,
1810 1555 1944 1599 non
2003 1533 2202 1599 modo
2221 1540 2253 1581 4
2320 1542 2602 1613 arcem,⁸

404 1636 571 1701 tanti
597 1636 833 1699 debere
864 1653 1039 1711 esse,
1069 1640 1147 1696 ut
1179 1632 1511 1716 Capuam,
1545 1654 1748 1714 quam
1782 1634 2171 1715 Carthagini
2201 1653 2476 1719 aequare
2510 1636 2597 1700 sit

406 1737 666 1815 solituS,
699 1735 1027 1802 desertam
1080 1734 1628 1819 indefensamque
1675 1738 1930 1820 populo
1985 1734 2302 1801 Romano
2341 1735 2600 1801 tradat?

406 1836 779 1914 Hannibal,
806 1854 982 1902 eurae
1012 1835 1145 1902 sibi
1167 1836 1312 1901 fore
1340 1858 1475 1902 rem
1499 1836 1909 1921 Campanam
1943 1838 2310 1921 pollicitus„
2330 1838 2400 1901 in
2432 1857 2599 1927 prae·

408 1937 627 2002 sentia
656 1938 793 2001 duo
825 1938 1037 2003 millia
1062 1937 1363 2021 equitum
1396 1958 1549 2004 curn
1582 1939 1820 2021 legatis
1849 1940 2073 2014 mittit,
2101 1958 2233 2021 quo
2283 1938 2603 2021 praesidio

407 2058 607 2121 agros
640 2038 1188 2122 populationibus
1220 2047 1503 2122 possent
1533 2041 1910 2122 prohibere.
1957 2040 2286 2105 Romanis
2314 2040 2600 2116 interim,

408 2141 584 2203 sicut
614 2138 893 2201 aliarum
920 2158 1157 2215 rerum,
1190 2140 1365 2203 arcis
1393 2139 1770 2205 Tarentinae
1800 2141 2258 2223 praesidiique,
2288 2141 2467 2224 quod
2507 2140 2604 2205 ibi

408 2238 847 2314 obsideretur,
902 2258 1057 2303 eura
1094 2258 1271 2303 esse.
1362 2238 1441 2303 C.
1474 2238 1805 2303 Servilius
1848 2241 2144 2321 legatus,
2186 2258 2277 2303 ex
2309 2240 2605 2305 auctori·

408 2344 551 2404 tate
580 2340 853 2404 Patrum
876 2358 919 2403 a
941 2338 1024 2404 P.
1057 2338 1373 2404 Cornelio
1405 2345 1690 2425 praetore
1725 2342 1796 2405 in
1829 2340 2163 2410 Etruriam
2196 2341 2285 2407 ad
2311 2341 2604 2407 frumen·

409 2446 552 2505 tum
600 2440 1037 2504 coemendum
1081 2442 1355 2518 missus»,
1390 2460 1541 2506 cum
1574 2442 1838 2529 aliquot
1878 2444 2166 2508 navibus
2215 2443 2482 2507 onustis
2535 2445 2604 2507 in

406 2549 673 2626 portum
704 2542 1138 2607 Tarentinum
1168 2543 1333 2606 inter
1356 2539 1649 2606 hostium
1675 2544 2026 2609 custodias
2051 2546 2381 2628 pervenit.
2470 2543 2604 2609 Cu·
2667 2591 2678 2601 .

406 2644 523 2727 jus
553 2642 860 2718 adventu,
885 2644 1002 2726 qui
1031 2649 1211 2718 ante,
1238 2643 1309 2705 in
1340 2643 1586 2725 exigua
1616 2664 1762 2725 spe,
1793 2646 2016 2709 vocati
2041 2664 2226 2729 saepe
2259 2645 2344 2709 ad
2373 2647 2610 2710 transi·

408 2744 660 2808 tionem
704 2746 791 2807 ab
834 2744 1151 2807 hostibus
1184 2763 1303 2827 per
1330 2746 1670 2826 colloquia
1695 2754 1903 2822 erant,
1935 2747 2110 2809 ultro
2141 2746 2226 2809 ad
2265 2752 2607 2810 transeun-

410 2845 563 2909 dum
596 2845 835 2908 hostes
866 2844 1209 2908 vocabant
1238 2844 1820 2927 solicitabantque.
1911 2842 1998 2908 Et
2039 2854 2181 2908 erat
2231 2846 2394 2909 satis
2439 2847 2612 2910 vali·

414 2944 571 3009 dum
607 2944 1017 3028 praesidium,
1050 2943 1373 3007 traductis
1404 2944 1489 3007 ad
1521 2963 1739 3008 arcem
1784 2945 2064 3009 Tarenti
2111 2945 2448 3024 tuendam,
2495 2947 2610 3030 qui

416 3044 799 3129 Metaponti
829 3049 1035 3122 erant,
1056 3043 1409 3111 militibus.
1481 3044 1735 3131 Itaque
1767 3046 2216 3131 Metapontini
2246 3048 2612 3135 extemplo,

1410 3242 1624 3293 NOTAE

478 3349 502 3395 t
537 3340 773 3403 Princeps
804 3340 967 3389 tertia
1003 3338 1230 3402 legionis]
1265 3336 1473 3387 Primus
1552 3338 1656 3386 huc
1695 3337 1894 3387 Camino
1921 3338 2140 3399 dieitur3
2174 3338 2259 3387 vel
2295 3337 2616 3400 Comini-mn,

415 3418 637 3469 omniunt
658 3430 725 3467 ex
744 3416 901 3466 tertia
918 3417 1124 3479 legione
1144 3414 1361 3464 donatus
1375 3420 1471 3463 est.
1553 3430 1682 3479 quos
1705 3414 1758 3463 iu
1791 3415 2076 3479 AEquieolis
2109 3414 2364 3463 interiisse
2388 3421 2614 3464 tentatur

416 3494 475 3542 J.
501 3492 733 3545 Clericus.
766 3520 773 3529 ·
890 3524 895 3527 -

486 3565 507 3600 t
528 3568 607 3617 Ab
632 3565 849 3615 Cominio
867 3564 1052 3627 Cerito]
1086 3565 1351 3615 Cominium
1378 3564 1475 3613 boe

415 3642 575 3693 fuisse
616 3643 669 3691 in
713 3642 996 3691 Samnitum
1040 3648 1097 3691 et
1140 3641 1475 3704 Hirpinorum

418 3720 667 3769 limitibus
691 3718 797 3767 dixi
823 3718 911 3766 lib.
934 3730 991 3767 x.
1013 3732 1129 3782 cap.
1147 3720 1229 3766 3⁹.
1258 3718 1327 3765 Et
1350 3730 1475 3765 sane

418 3796 471 3842 iu
493 3792 738 3843 extremis
764 3792 1099 3857 Hirpinorum
1129 3791 1317 3842 finibus
1339 3792 1477 3841 eirea

356 3910 363 3920 .
418 3866 725 3917 Taurasinus
748 3882 959 3931 campos
989 3868 1147 3918 fuisse
1184 3867 1369 3917 suadet
1400 3866 1476 3915 vi-

418 3944 549 4008 ginti
570 3946 781 3994 millium
804 3946 1026 4010 spatium
1048 3946 1187 3995 inter
1208 3944 1472 4009 Aquiloni·

420 4032 503 4067 am
526 4025 580 4066 et
602 4018 909 4081 Cominium,
931 4036 962 4071 a
985 4022 1133 4071 Livio
1147 4028 1401 4081 notatum,
1419 4026 1476 4070 et

418 4094 545 4158 fuga
562 4093 783 4145 hostium
809 4111 984 4147 versus
1000 4098 1307 4148 Bovianum.
1344 4098 1478 4146 Ceri·

418 4169 462 4219 ti
484 4182 607 4217 vero
629 4182 915 4232 cognomen
948 4173 1015 4221 ad
1048 4174 1320 4224 discrimen
1348 4172 1476 4220 alte·

416 4242 525 4293 riu·
554 4243 771 4293 Cominii
794 4247 929 4310 quod
952 4248 1004 4295 in
1028 4249 1334 4310 Samnitum,
1355 4248 1478 4296 Vol·

420 4334 643 4377 scotum,
678 4328 732 4371 et
756 4322 1045 4374 Marsorum
1070 4323 1363 4387 collimitio,
1386 4320 1476 4373 ad-

1556 3490 1692 3541 Pliu.
1715 3490 1804 3539 lib.
1820 3504 1908 3540 m.
1921 3504 2040 3555 cap.
2057 3494 2137 3539 12.
2203 3488 2451 3539 Additum
2475 3489 2614 3541 sorte

1554 3563 1656 3615 suit
1686 3581 1717 3614 a
1739 3566 1913 3615 Cerito
1937 3566 2223 3615 Samnitum
2247 3564 2460 3629 oppido,
2492 3565 2614 3615 inde

1555 3654 1656 3690 non
1683 3639 1957 3691 admodum
1989 3640 2193 3705 dissito,
2224 3641 2376 3704 eujus
2397 3642 2615 3691 nomini·

1556 3718 1776 3780 vestigia
1818 3724 2096 3780 supersunt
2130 3716 2182 3765 in
2215 3730 2278 3765 eo
2315 3717 2427 3765 loeo
2461 3730 2614 3780 quem

1559 3798 1745 3840 vocant
1771 3792 1954 3851 Cerito,
1983 3792 2034 3839 iu
2058 3788 2276 3839 confinio
2307 3787 2484 3839 Terre
2515 3791 2614 3840 La-

1554 3866 1695 3916 bori·
1718 3882 1780 3916 ae
1803 3867 2136 3930 Principatns
2149 3865 2423 3915 Ulterioris
2443 3871 2498 3916 et
2515 3865 2617 3915 Co·

1555 3944 1768 3991 mitatus
1795 3942 2007 4006 Monuit,
2029 3941 2094 3989 ad
2120 3940 2355 3989 dextnm
2387 3941 2612 4004 Tamari,

1556 4020 1694 4069 inter
1727 4019 2000 4081 Telesiam,
2040 4018 2326 4081 Saepinum,
2363 4025 2418 4065 et
2442 4018 2613 4065 Bene-

1558 4102 1786 4145 ventum.

1621 4178 1649 4213 c
1681 4170 1792 4218 Nou
1831 4170 1966 4217 modo
2016 4168 2196 4231 urcem]
2261 4165 2613 4230 Tarentinam,

1557 4258 1673 4309 quae
1705 4244 1773 4292 ab
1797 4242 2094 4295 Hannibale
2115 4241 2465 4298 obsidebatur,
2489 4243 2614 4292 urbe

1556 4316 1742 4387 potito.
