3159 4934
1169 401 1311 448 ma.
1359 399 1596 448 xxm.
1644 400 1805 450 car.
1845 385 1911 449 3.
2458 387 2627 454 1889
2691 397 2697 404 ·

449 539 668 617 modo,
712 539 847 604 nisi
888 541 1350 605 necessarium·
1380 539 1671 618 fuisset‚’
1710 541 2041 625 praefatus
2066 547 2281 623 essset3
2328 543 2625 626 ‘quippe

449 645 564 725 qui
588 635 974 707 'liberos-ex
1021 641 1156 726 Ap.
1210 642 1477 708 Claudii
1529 641 1711 706 filia·
1756 643 2049 721 haberet,
2098 645 2436 729 filiamque
2477 644 2623 710 Ro·

445 763 622 808 mam
645 752 692 782 ¹¹
741 751 1020 827 nuptum
1067 744 1266 808 Livio
1314 745 1655 824 dedisset3
1720 749 2007 810 ceterum
2056 745 2367 829 majorem
2412 746 2624 812 multo

443 865 580 908 rem
625 846 974 928 magisque
1019 846 1380 910 timendam
1424 847 1755 911 instat-0³²
1846 845 1916 910 N
1920 867 2007 910 on
2042 847 2213 910 enim
2245 867 2369 930 per
2396 847 2623 912 defec-

443 947 682 1011 tionem
723 947 808 1010 ad
840 947 1198 1011 tollendum
1235 967 1322 1011 ex
1358 948 1631 1012 civitate
1668 953 1962 1012 senatum
1990 948 2265 1032 plebem
2295 957 2620 1032 spectare,

439 1045 562 1112 sed
590 1067 712 1129 per
739 1049 994 1112 caedem
1019 1058 1288 1114 senatus
1317 1067 1595 1114 vacuam
1618 1069 1757 1112 rem
1786 1050 2121 1131 publicam
2146 1049 2405 1114 tradere
2432 1049 2621 1114 Han-

437 1147 650 1212 nibali
679 1169 760 1213 ac
792 1151 1030 1214 Poenis
1058 1150 1254 1216 velle.
1341 1151 1445 1215 Eo
1475 1170 1552 1215 se
1582 1151 1883 1234 periculo
1921 1169 2129 1233 posse
2156 1151 2439 1216 liberare
2476 1171 2617 1225 eoa,

440 1249 500 1310 si
541 1269 616 1312 se
654 1253 1044 1332 permittant
1088 1252 1240 1330 sibi,
1269 1258 1354 1328 et,
1399 1251 1829 1317 certaminum
1872 1253 1961 1315 in·
1988 1272 2061 1315 re
2096 1253 2372 1336 publica
2400 1253 2617 1328 obliti,

438 1349 788 1430 credant-'⁶
849 1349 1020 1416 Cum
1047 1371 1278 1416 omnes
1312 1353 1472 1418 victi
1511 1361 1693 1416 metu
1725 1354 2193 1435 permitterent,
2239 1359 2260 1390 ‘
2284 1353 2615 1443 Claudam

433 1453 504 1515 in
533 1453 716 1516 curia
745 1455 910 1530 vos,'
935 1455 1176 1537 inquit,
1207 1459 1336 1524 ‘et,
1372 1461 1690 1537 tanquam
1718 1462 1789 1518 et
1817 1455 1965 1538 ipse
2000 1457 2273 1537 cogitati
2303 1455 2617 1522 facinoris

437 1554 796 1636 particeps,
826 1555 1259 1637 approbando
1289 1555 1599 1630 consilia,
1627 1556 1877 1638 quibus
1902 1557 2347 1639 nequicquam
2380 1557 2613 1620 adver-

441 1670 647 1730 sarer,
691 1655 872 1718 viam
911 1655 1114 1718 saluti
1161 1661 1404 1718 vestrae
1447 1654 1801 1718 inveniam.
1889 1655 1973 1718 In
2003 1655 2131 1719 hoc
2163 1655 2387 1732 fidem,
2416 1675 2613 1738 quam

437 1755 638 1818 vultis
681 1757 838 1838 ipsi,
866 1755 1193 1838 accipite!
1277 1753 1441 1819 Fide
1481 1757 1645 1820 data
1692 1775 2027 1838 egressuS,
2071 1757 2300 1824 claudi
2340 1759 2612 1834 curiam,

425 1856 644 1938 jubet,
688 1858 1205 1940 praesidiumque
1249 1857 1317 1920 in
1362 1857 1692 1922 vestibulo
1731 1857 2039 1939 reliquit3
2106 1877 2189 1922 ne
2232 1858 2385 1941 quis
2426 1857 2611 1922 adiro

434 1959 682 2024 curiam
715 1960 972 2040 injussu
1002 1979 1155 2037 suc,
1177 1978 1342 2022 neve
1369 1959 1522 2023 inde
1545 1959 1769 2041 egredi
1800 1961 2034 2041 possit.

513 2060 578 2122 3.
623 2060 813 2124 Tunc
877 2070 1120 2126 vocato
1175 2059 1258 2125 ad
1310 2063 1695 2125 concionem
1742 2062 2021 2144 populo,
2075 2065 2095 2097 ‘
2119 2059 2319 2138 Quod
2379 2060 2610 2143 saepe,’

429 2158 668 2242 iuquit,
718 2165 739 2193 ‘
763 2163 1073 2242 optastis,
1108 2159 1460 2243 Campani,
1493 2167 1568 2224 ut
1606 2162 1922 2244 supplicii
1951 2161 2257 2230 sumendi
2298 2162 2489 2224 vobis
2518 2179 2609 2224 ex

431 2259 732 2342 improbo
777 2281 858 2326 ac
903 2260 1276 2324 detestabili
1327 2267 1564 2324 senatu
1614 2267 1927 2342 potestas
1970 2269 2193 2338 esset3
2236 2279 2379 2332 eam
2410 2279 2610 2333 nunc,

428 2379 560 2428 non
607 2379 726 2442 per
770 2361 1124 2426 tumultum
1170 2365 1629 2444 expugnantes
1676 2359 1915 2425 domos
1964 2359 2393 2441 singulorum,
2436 2379 2607 2444 quas

427 2463 762 2544 praesidiis
792 2463 1130 2527 clientium
1160 2481 1631 2545 servorumque
1660 2469 1944 2540 tuentur,
1969 2482 2124 2528 cum
2152 2481 2409 2528 summo
2456 2481 2606 2526 ves-

427 2571 532 2630 tro
562 2564 882 2647 periculo,
909 2565 1030 2628 sed
1063 2569 1277 2628 tutam
1307 2563 1568 2628 habetis
1597 2581 1678 2627 ac
1706 2563 2011 2628 liberam.
2056 2562 2342 2630 Clausoa
2372 2581 2603 2627 omnes

423 2667 491 2744 in
523 2667 770 2742 curiam
815 2666 1126 2748 accipite,
1153 2664 1362 2742 solos,
1409 2665 1725 2728 inermes:
1772 2684 1897 2730 nec
1942 2666 2299 2748 quicquam
2343 2665 2603 2746 raptim,

423 2772 539 2830 aut
563 2766 726 2830 sorte
768 2773 1014 2832 temere
1043 2767 1336 2848 egeritis.
1423 2764 1530 2828 De
1561 2766 1973 2846 singulorum
2015 2766 2235 2847 capite
2270 2764 2460 2828 vobis
2482 2765 2600 2846 jus

427 2869 774 2933 sententiae
825 2866 1134 2930 dicendae
1179 2865 1450 2939 faciam,
1481 2872 1577 2938 ut,
1617 2883 1788 2948 quas
1836 2865 2122 2948 quisque
2168 2864 2441 2930 meritus
2476 2872 2603 2943 est,

423 2987 666 3052 poenas
694 2967 958 3050 pendat.
1037 2967 1168 3032 Sed
1194 2973 1344 3032 ante
1375 2967 1598 3030 omnia
1626 2968 1721 3030 ita
1747 2985 1867 3030 vos
1896 2967 2011 3029 irae
2042 2965 2601 3056 indulgere'opor-

425 3076 540 3148 tet,
559 3078 646 3134 -nt
673 3070 1000 3153 potiorem
1045 3071 1146 3134 ira
1193 3068 1474 3133 salutem
1521 3075 1723 3150 atque
1771 3067 2122 3130 utilitatem
2159 3073 2447 3132 vestram
2488 3068 2598 3132 ha-

420 3171 652 3253 beatis·
740 3169 1008 3235 Etenim
1071 3171 1196 3234 hos
1257 3169 1367 3254 (ut
1417 3169 1681 3253 opinor)
1742 3169 1983 3233 odistis
2036 3179 2405 3248 senatorem
2468 3187 2601 3236 non

418 3387 608 3498 amit
633 3387 880 3434 dummodo
914 3385 1121 3435 Senatus
1143 3387 1393 3448 Capacum
1411 3399 1461 3433 ne
1486 3385 1679 3434 Colania
1710 3385 1805 3448 ἄρα·
1824 3385 2154 3438 mitteret,
2178 3381 2269 3432 0111ae
2261 3384 2429 3436 tenta
2464 3383 2602 3432 diui·

620 3449 860 3499 memma.

1319 3543 1410 3564 m
1384 3543 1589 3563 0000000
1593 3543 1679 3565 000

415 3657 545 3710 Edd.
572 3666 693 3709 ante
716 3657 944 3710 Gronov.
947 3663 1072 3707 —u
1109 3658 1230 3708 Vet.
1255 3660 1344 3710 lib.
1367 3659 1504 3722 apud
1531 3660 1711 3722 Sigon.
1737 3659 1916 3708 Romam
1918 3657 2095 3706 -12‘
2116 3653 2343 3704 Ἀνακόλο
2344 3658 2450 3704 udos
2478 3669 2607 3704 ora·

416 3725 488 3772 tio
459 3740 516 3772 o:
555 3739 618 3771 no
606 3739 656 3772 ιι
682 3723 902 3771 modoai
905 3730 926 3771 t
949 3724 1122 3772 durius
1143 3724 1294 3772 omiss
1299 3739 1400 3786 u,m
1419 3725 1508 3773 aed
1531 3734 1585 3773 et
1603 3729 1807 3772 ceterum
1830 3721 2110 3770 redundat:
2148 3721 2395 3769 nominee
2401 3721 2596 3782 pitoum

410 3787 1050 3902 gtsszantiguekue'tnbnllifiatuer.
1119 3789 1269 3838 Orati
1256 3803 1422 3838 ionem
1459 3803 1559 3838 non
1595 3789 1721 3836 satis
1751 3797 1875 3850 apte
1904 3785 2161 3837 coherere
2192 3799 2253 3834 ac
2292 3783 2594 3848 procedere,

1385 3963 1438 4012 N
1445 3960 1607 4012 0⁰1·AE

474 4075 802 4140 ‘Liber-ona
816 4075 966 4138 Appii
988 4074 1178 4124 clauda
1185 4073 1322 4140 filia]
1355 4073 1460 4124 Res
1541 4087 1641 4137 que
1680 4073 1745 4122 ab
1778 4073 1841 4122 iio
1878 4071 2159 4134 accipiant·
2196 4069 2287 4119 sed
2314 4083 2359 4115 v·
2348 4069 2431 4118 ide
2468 4083 2585 4134 qum

411 4151 538 4200 satin
555 4165 653 4198 nov
657 4165 705 4211 a,
723 4158 781 4199 ut
799 4151 846 4200 ci
854 4164 940 4199 νε.
959 4151 1171 4214 Romani
1194 4151 1322 4198 filias
1341 4163 1458 4200 ιιι...
1539 4161 1656 4197 mox
1676 4161 1791 4212 cap·
1810 4151 1859 4196 4.
1883 4151 2003 4196 ets.
2026 4143 2193 4194 dicam
2223 4143 2289 4193 de
2310 4144 2591 4194 connubio.

410 4227 694 4293 peregrini·
715 4227 840 4278 dent
874 4228 925 4277 in
955 4227 1346 4290 matrimonium,
1377 4233 1456 4276 at-
