3159 4934
607 395 781 462 1986
1537 409 1607 457 rr.
1658 409 1851 458 mvn

631 558 638 566 ’
673 559 876 616 portam
921 549 1156 600 exaudiri
1201 549 1522 614 probibente.
1598 555 1680 601 4⁶7.
1736 551 1922 615 Pugna
1960 550 2035 600 ibi
2076 556 2193 600 orta
2235 547 2423 612 Arpini
2469 549 2805 616 Hispanique

671 632 860 681 milites
885 630 950 680 ad
982 633 1239 680 Romanos
1277 629 1599 681 transferunt
1622 631 1791 694 signa,
1812 638 1870 680 et
1898 631 2180 693 impetrant
2204 629 2269 678 ab
2289 629 2371 691 iis,
2392 637 2450 679 ut
2470 631 2585 678 sine
2604 628 2803 684 fraude

669 709 922 760 Punicum
964 711 1238 759 emittatur
1277 709 1594 773 praesidium.
1658 711 1755 758 Cn.
1799 710 2014 759 Fulvius
2057 709 2112 759 iu
2156 707 2312 758 fidem
2358 709 2549 772 accipit
2592 711 2804 774 equites

665 803 811 841 exn.
831 791 1028 840 nobiles
1051 791 1360 854 Campanos,
1385 790 1472 854 qui
1509 791 1560 839 in
1597 795 1769 842 castra
1791 790 1905 853 ejas
1930 803 2089 852 super
2108 788 2399 838 Suessulam
2424 796 2671 838 venerant
2690 805 2705 834 ε
2739 797 2805 838 et

667 870 998 934 Sempronius
1031 871 1336 934 Tuditanus,
1359 870 1494 921 alter
1527 876 1741 934 prator,
1776 869 2031 920 Aternum
2068 876 2356 931 expugnat.
2426 869 2605 918 Romae
2638 869 2803 918 savit

670 951 1005 1001 incendium.-

602 1035 687 1081 48.
719 1031 988 1096 Scipiones
1031 1030 1310 1081 amicitiam
1347 1031 1576 1094 jungunt
1618 1044 1733 1080 cum
1770 1029 2031 1092 Syphace,
2066 1028 2405 1090 Massylorum
2444 1027 2495 1076 in
2546 1028 2799 1079 Numidia

669 1125 821 1174 reget
859 1119 914 1160 et
936 1126 1003 1159 ex
1037 1111 1200 1160 tribus
1221 1125 1399 1159 eorum
1423 1111 1608 1174 legatis
1630 1125 1781 1171 uuus,
1806 1109 1874 1161 Ο.
1894 1109 2151 1159 Statorius
2176 1107 2431 1169 centurio,
2454 1108 2589 1170 apud
2616 1123 2791 1172 regem

667 1196 920 1252 remanet,
945 1197 1001 1240 ut
1041 1191 1218 1240 rudem
1255 1190 1318 1240 ad
1354 1190 1623 1251 pedestria
1660 1190 1798 1240 bella
1834 1189 2173 1240 Numidarum
2197 1195 2403 1252 gentem
2443 1189 2519 1237 rei
2554 1189 2793 1239 militaris

662 1277 809 1319 artes
825 1269 1044 1332 doceat3
1081 1270 1181 1320 duo
1217 1270 1267 1318 in
1301 1269 1608 1333 Hispaniam
1632 1269 1855 1320 redeunt
1877 1283 1993 1319 curn
2024 1269 2211 1331 legatis
2233 1267 2515 1332 regiis‚qui
2546 1276 2605 1317 et
2632 1267 2791 1318 tidem

663 1349 950 1413 accipiuntj
963 1351 1032 1399 ab
1067 1349 1462 1413 imperatoribus
1489 1351 1752 1413 Romanis,
1782 1355 1839 1399 et
1864 1348 2135 1408 Numidas,
2158 1362 2393 1411 magnam
2430 1348 2790 1411 presidiornm

665 1428 981 1478 Punicorum
1007 1435 1228 1491 partem,
1250 1429 1314 1478 ad
1339 1429 1693 1478 transitionem
1718 1429 2009 1493 perliciunt.
2072 1433 2155 1478 49.
2189 1428 2643 1490 Carthaginienses
2666 1443 2790 1477 con-

665 1515 748 1558 tra
768 1506 936 1558 foedus
957 1507 1158 1558 faciunt
1185 1523 1302 1558 cum
1321 1509 1474 1565 Gala,
1511 1509 1857 1573 Massylornm
1881 1509 1933 1558 in
1970 1516 2121 1573 parte
2144 1509 2311 1558 altera
2336 1508 2597 1559 Numidia,
2630 1521 2789 1571 rege;

663 1588 748 1652 cuj
757 1601 814 1637 us
837 1587 970 1638 filius
993 1589 1268 1638 Masinissa
1287 1590 1570 1653 Syphacem
1594 1605 1780 1654 magno
1804 1589 1983 1654 praelio
2006 1589 2329 1650 devincit,et
2351 1588 2541 1639 deinde
2562 1590 2613 1638 iu
2632 1591 2791 1639 Mau-

664 1669 835 1730 rusiis,
871 1669 956 1718 ubi
991 1683 1204 1730 magnas
1237 1670 1324 1720 ille
1363 1669 1510 1720 brevi
1541 1669 1719 1732 copias
1756 1675 2067 1730 armaverat,
2104 1668 2303 1732 ingenti
2344 1669 2511 1732 gloria
2539 1668 2791 1720 adversus

661 1763 778 1798 eum
813 1749 950 1811 gerit
987 1748 1196 1800 bellum.
1264 1749 1530 1812 Scipiones
1569 1749 1864 1799 Celtiberos
1886 1749 2132 1813 (primum
2154 1748 2527 1798 mercenarium
2550 1749 2790 1814 militem,

661 1843 816 1893 quem
843 1829 1056 1878 Romani
1079 1827 1332 1892 habuere)
1363 1829 1544 1878 eadem
1567 1829 1826 1890 mercede,
1848 1842 2001 1893 qnam
2024 1828 2161 1891 pacti
2184 1843 2301 1878 cum
2326 1830 2503 1878 Poenis
2523 1837 2692 1890 erant,
2718 1831 2790 1880 ad

660 1921 718 1957 se
741 1907 1032 1970 perducunt
1055 1923 1072 1968 ς
1105 1915 1160 1958 et
1184 1908 1529 1958 nobilissimos
1561 1907 1820 1972 Hispanos
1848 1922 2005 1973 supra
2027 1922 2143 1959 ccc.
2168 1911 2220 1959 in
2251 1910 2459 1961 Italiam
2480 1909 2695 1961 mittunt
2716 1911 2788 1962 ad

661 1987 990 2037 solicitandos
1008 1988 1304 2052 populares,
1319 1988 1406 2053 qni
1427 1988 1568 2040 inter
1588 1989 1780 2038 auxilia
1802 1988 2111 2038 Hannibalis
2132 1997 2270 2040 sunt.

593 2246 659 2309 1.
703 2216 842 2305 ΠΤ
879 2262 967 2308 ex
1001 2243 1378 2327 Campania
1418 2245 1489 2308 in
1537 2245 1841 2309 Bruttios
1883 2245 2162 2309 reditum
2205 2252 2330 2321 est,
2362 2243 2631 2320 Hanno,
2663 2244 2787 2308 ad·

582 2346 918 2428 jutoribus
967 2351 1034 2408 et
1079 2345 1363 2408 ducibus
1405 2345 1707 2422 Bruttiis,
1746 2343 2029 2410 Graecas
2081 2347 2323 2410 urbes·
2358 2346 2661 2423 tentavit,
2698 2365 2783 2410 eo

589 2444 858 2508 facilius
881 2445 946 2508 in
976 2444 1304 2510 societate
1333 2453 1681 2512 manentes
1706 2445 2039 2524 Romana,
2062 2446 2243 2532 quod
2273 2447 2595 2524 Bruttios,
2612 2465 2785 2530 quos

593 2554 666 2610 et
707 2544 1008 2622 oderant,
1046 2555 1116 2608 et
1163 2546 1575 2621 metuebant,
1614 2545 2253 2628 Carthaginiensium
2299 2548 2517 2631 partis
2560 2548 2783 2612 factos

591 2646 966 2710 cernebant.
1041 2645 1375 2728 Rhegium
1406 2645 1687 2729 primum
1720 2653 2039 2712 tentatum
2068 2655 2193 2726 est,
2224 2648 2503 2732 diesque
2526 2649 2787 2732 aliquot

583 2746 687 2812 ibi
716 2747 1158 2832 nequicquam
1184 2749 1498 2813 absumti.
1592 2747 1869 2814 Interim
1900 2749 2273 2814 Locrenses
2292 2747 2318 2787 '³
2357 2750 2782 2827 frumentum,

587 2847 922 2933 lignaque,
952 2857 1020 2914 et
1040 2859 1264 2916 cetera
1285 2851 1673 2916 necessaria
1694 2851 1957 2929 usibus,
1986 2850 2287 2933 exagris
2316 2851 2383 2916 in
2415 2854 2643 2933 urbem
2672 2870 2781 2916 ra-

575 2969 771 3033 pere,
811 2952 1012 3015 etiam
1044 2972 1130 3014 ne
1161 2951 1322 3035 quid
1365 2952 1677 3017 relictum
1708 2951 1959 3035 praedae
1992 2953 2305 3017 hostibus
2334 2959 2552 3017 esset:
2599 2960 2671 3016 et
2709 2955 2781 3016 in

588 3048 737 3113 dies
779 3052 991 3134 major
1021 3052 1328 3117 omnibus
1371 3053 1587 3136 portis
1619 3052 1967 3116 multitudo
1990 3052 2261 3117 effundi.
2350 3053 2700 3118 Postremo
2728 3055 2780 3119 ii

585 3149 791 3215 modo
843 3153 1057 3219 relicti
1109 3155 1177 3218 in
1219 3155 1384 3219 urbe
1432 3161 1647 3232 erant,
1678 3154 1795 3236 qui
1838 3151 2105 3218 reficere
2144 3174 2368 3220 muros
2408 3174 2491 3220 ac
2520 3162 2779 3238 portaS,

583 3257 844 3339 telaque
901 3255 970 3320 in
1017 3257 1528 3340 propugnacula
1575 3274 1925 3337 congerere
1974 3258 2401 3337 cogebantur.
2490 3257 2571 3320 In
2628 3275 2777 3340 per·-

583 3358 864 3421 mixtam
897 3357 1191 3422 omnium
1227 3359 1530 3422 aetatium
1553 3355 1994 3438 ordinumque
2024 3357 2531 3434 multitudinem,
2558 3363 2629 3422 et
2657 3377 2779 3424 va·

583 3467 850 3542 gantem
901 3460 970 3522 in
1009 3460 1183 3542 agris
1228 3476 1467 3540 magna
1495 3475 1589 3520 ex
1637 3463 1823 3540 parte
1855 3459 2189 3536 inermem,
2222 3457 2573 3523 Hamilcar
2615 3459 2775 3524 Poe-

583 3579 712 3624 nus
731 3569 751 3599 ¹
785 3561 1041 3645 equites
1071 3559 1334 3640 emisit3
1377 3558 1524 3643 qui,
1553 3557 1803 3624 violare
1835 3579 2209 3644 quenquam
2252 3562 2459 3638 vetiti,
2483 3566 2773 3638 tantum,

651 3795 677 3839 1
714 3791 730 3819 ‘
754 3801 840 3840 111.
878 3789 1007 3838 Mss.
1047 3788 1280 3855 quamvis
1318 3803 1420 3840 non
1461 3791 1646 3854 optimi
1685 3793 1930 3844 Bomilcar·
1952 3791 2015 3841 Ρ.
2056 3789 2194 3855 quod
2216 3797 2356 3840 recte
2378 3789 2549 3840 forsan
2573 3789 2777 3855 recepit

1572 3937 1791 3988 NOTAE

645 4041 668 4067 ⁸
702 4031 898 4080 Grecos
919 4029 1078 4094 urbes]
1127 4031 1384 4097 Intelligit
1405 4035 1635 4084 colonias
1780 4031 1803 4066 δ
1833 4031 2109 4098 Menses]
2146 4029 2381 4079 Diximus
2400 4031 2589 4080 Locros
2612 4029 2770 4083 fuisse

580 4107 904 4165 Graecorum,
941 4121 1055 4171 quae
1095 4106 1146 4156 in
1182 4109 1374 4173 Magna
1410 4111 1635 4174 Gracia,
1716 4111 1950 4160 ubinunc
1966 4107 2771 4160 GieraceinulterioreCalabriaez

578 4188 634 4230 et
660 4181 977 4230 Bruttiorum
995 4195 1106 4246 ora,
1132 4183 1402 4251 Rhegium,
1425 4187 1635 4248 Locros,
1714 4188 1807 4235 bos
1850 4185 2057 4250 quidem
2114 4196 2218 4231 una
2260 4195 2373 4230 enm
2420 4184 2647 4234 Crotone
2702 4183 2769 4234 ad

579 4257 878 4320 Crotonem,
901 4262 1000 4312 διο.
1718 4260 2059 4313 Hannibalem
2072 4259 2185 4326 jam
2212 4257 2490 4310 descivisse
2520 4262 2769 4326 scriptum
