3159 4934
513 434 686 502 2014
1409 450 1478 541 ἰ’Ξ
1525 449 1715 499 mvn

513 600 687 661 inter
703 615 778 659 se
795 594 1362 677 gratulantesque,
1373 614 1548 660 nuuc
1567 614 1805 660 manus
1816 594 1901 659 ad
1916 595 2163 659 coelum
2183 594 2517 673 tollentes,
2536 596 2715 665 bona

513 698 738 763 omnia
765 696 1016 781 populo
1047 696 1358 761 Romano
1389 696 1836 780 Gracchoque
1880 698 2013 779 ipsi
2055 707 2523 780 precarentur3
2570 708 2712 765 tum

513 799 868 865 Gracchus
893 819 910 865 z
935 804 954 835 ‘
974 797 1370 883 Priusquam
1389 818 1629 863 omnes
1649 797 1803 880 jure
1822 799 2151 863 libertatis
2174 799 2600 883 aequassem,’
2619 802 2715 865 in-

511 902 677 984 quit,
703 906 724 935 ‘
743 900 1072 965 neminem
1091 907 1251 965 nota
1269 903 1522 966 strenui
1543 910 1663 967 aut
1684 902 1909 984 ignavi
1941 900 2175 966 militis
2206 908 2477 968 notasse
2499 902 2708 967 volui.

512 1002 582 1067 N
587 1022 738 1079 unc,
767 1003 1080 1067 exsoluta
1098 1002 1246 1086 jam
1287 1002 1420 1067 fide
1445 1002 1750 1087 publica,
1782 1022 1867 1067 ne
1897 1001 2253 1068 discrimen
2276 1024 2473 1070 omne
2506 1007 2712 1069 virtu-

510 1104 598 1169 tis
629 1106 1044 1187 ignaviaeque
1072 1110 1330 1187 pereat,
1361 1104 1629 1167 nomina
1658 1122 1907 1180 eorum,
1942 1104 2087 1187 qui,
2128 1103 2509 1173 detrectatae
2540 1125 2710 1190 pug-

508 1226 616 1271 noe
666 1226 1016 1283 memores,
1050 1207 1500 1271 secessionem
1547 1208 1753 1289 paulo
1807 1215 1960 1270 ante
2011 1208 2330 1283 fecerunt,
2362 1208 2587 1272 referri
2616 1207 2707 1273 ad

507 1328 614 1372 me
656 1309 952 1392 jubebo:
995 1308 1380 1391 citatosque
1417 1309 1715 1390 singulos
1750 1307 1905 1392 jure
1933 1309 2225 1392 jurando
2257 1310 2546 1391 adigam,
2574 1310 2707 1375 nisi

505 1412 703 1493 queis
753 1412 1030 1475 morbus
1073 1429 1286 1475 causa
1329 1411 1470 1485 erit,
1501 1429 1634 1475 non
1678 1410 1889 1487 aliter,
1919 1430 2119 1493 quam
2168 1420 2450 1490 stanteS,
2482 1412 2703 1476 cibum

504 1512 1040 1596 potionemque,⁸
1062 1520 1090 1549 ⁸
1146 1512 1408 1595 quoad'
1439 1512 1775 1597 stipendia
1826 1513 2097 1590 facient,
2150 1522 2473 1597 capturos
2530 1532 2702 1577 esse.

505 1612 708 1677 Hauc
744 1614 1058 1678 mulctam
1091 1614 1186 1680 ita
1214 1633 1418 1698 aequo
1451 1616 1675 1679 animo
1704 1614 1958 1691 feretis,
1988 1616 2049 1679 si
2078 1615 2490 1699 reputabitis,
2517 1614 2704 1679 nulla

502 1714 789 1796 ignaviae
821 1724 985 1780 nota
1015 1716 1270 1781 leviore
1301 1734 1422 1779 vos
1453 1714 1786 1798 designari
1810 1718 2161 1798 potuisse!
2204 1716 2481 1799 Signum
2514 1717 2705 1781 dein·-

502 1817 590 1882 de
643 1818 1002 1899 colligendi
1054 1836 1227 1882 vasa
1273 1816 1506 1880 dedit:
1571 1816 1955 1900 militesque
2009 1818 2305 1899 praedam
2356 1826 2705 1903 portantes

501 1927 930 2002 agentesque,
976 1940 1101 2003 per
1141 1918 1490 1983 lasciviam
1539 1936 1623 1981 ac
1668 1916 1929 1999 jocum,
1977 1919 2069 1981 ita
2100 1917 2451 1982 ludibundi
2488 1920 2702 1983 Bene-

498 2027 760 2083 ventum
793 2021 1068 2096 rediere,
1099 2026 1178 2082 ut
1209 2019 1298 2083 ab
1329 2017 1552 2100 epulis
1576 2026 1741 2101 per⁹
1770 2019 2093 2083 celebrem
2118 2020 2497 2101 festumque
2520 2018 2699 2085 diem

499 2122 703 2197 actis,
733 2141 864 2185 uon
893 2141 980 2186 ex
1013 2123 1183 2198 acie,
1213 2120 1455 2185 reverti
1485 2120 1886 2185 viderentur.
1973 2121 2431 2186 Beneventani
2464 2138 2697 2186 omnes

501 2223 698 2287 turba
741 2222 956 2288 effusa
1008 2243 1158 2288 cum
1212 2224 1482 2289 obviam
1530 2221 1617 2287 ad
1665 2229 1899 2306 portas
1958 2223 2285 2299 exissent,
2334 2224 2698 2307 complecti

499 2324 769 2401 milites,
798 2325 1136 2407 gratulari,
1172 2342 1411 2389 vocare
1441 2326 1512 2389 in
1542 2324 1936 2408 hospitium.
2008 2323 2361 2408 Apparata
2388 2325 2701 2391 convivia

497 2426 818 2490 omnibus
852 2427 920 2489 in
961 2426 1330 2511 propatulo
1375 2426 1625 2491 aedium
1674 2427 1974 2491 fuerant:
2019 2426 2108 2491 ad
2160 2446 2245 2491 ea
2289 2428 2694 2505 invitabant,

497 2526 1009 2610 Gracchumque
1041 2529 1345 2606 orabant,
1375 2534 1449 2592 ut
1477 2527 1734 2612 epulari
1764 2528 2172 2612 permitteret
2192 2529 2542 2594 militibus.
2610 2530 2697 2595 Et

497 2626 852 2693 Gracchus
903 2632 994 2695 ita
1049 2631 1370 2713 permisit,
1423 2632 1490 2694 in
1539 2631 1817 2715 publico
1859 2631 2291 2715 epularentur
2313 2629 2341 2667 ὓ
2388 2639 2697 2697 omnes.¹⁰

497 2727 682 2794 Ante
733 2750 891 2795 suas
942 2732 1325 2816 quibusque
1367 2732 1538 2797 fores
1593 2733 1857 2815 prolata
1901 2734 2151 2797 omnia.
2239 2732 2523 2799 Pileati⁶
2574 2742 2695 2801 aut

492 2831 650 2897 lana
697 2834 857 2898 alba
888 2834 1128 2898 velatis
1157 2831 1544 2918 capitibus‘*
1588 2834 1877 2900 volones
1910 2836 2161 2918 epulati
2206 2840 2392 2915 sunt3
2438 2835 2551 2901 alii
2581 2854 2695 2901 ac·

493 2934 873 3010 cubanteS,·
901 2935 1021 2999 alii
1065 2944 1351 3015 stantes,
1395 2937 1514 3021 qui
1562 2937 1766 3002 simul
1811 2936 2274 3003 ministrabant
2322 2937 2691 3003 vesceban-

1501 3128 1770 3151 evocate„

493 3261 735 3323 indiguos,
758 3266 1016 3325 qnam—8
1052 3260 1134 3313 ΑΙ.
1167 3267 1351 3312 almeo
1375 3262 1530 3312 eibum
1556 3265 1924 3327 pamma—o
1957 3263 2059 3313 Per
2076 3262 2229 3313 abent
2249 3264 2317 3315 ab
2336 3262 2469 3313 Edd.
2486 3272 2619 3317 vett.
2636 3272 2693 3315 et

491 3326 622 3375 Mu.
645 3327 1052 3392 plerisque.—1⁰
1087 3327 1239 3377 Malit
1259 3329 1434 3391 Sigon.
1467 3329 1513 3377 si
1529 3327 1585 3375 in
1601 3328 1786 3391 publico
1806 3341 1847 3377 e.
1869 3342 1913 3377 ο.

1487 3504 1536 3555 Ν
1545 3505 1705 3555 ΟΤΕ

553 3625 578 3651 ⁸
609 3617 821 3675 Sintes,
837 3618 992 3669 cibun·
1012 3621 1354 3686 potionemque]
1387 3622 1550 3671 Poena
1630 3621 1837 3670 omnino
1858 3627 2009 3671 extra
2030 3622 2187 3683 aedes,
2210 3624 2330 3671 dm
2349 3624 2397 3672 la
2418 3638 2522 3673 rue.

488 3694 604 3744 hec
645 3708 734 3743 seu
781 3696 1060 3756 ignominis
1109 3698 1330 3747 miiitum
1385 3697 1550 3745 minu·
1693 3705 1717 3731 ⁰
1745 3697 1957 3761 Pileatr']
1992 3697 2457 3761 Utpotelibertate
2482 3700 2689 3763 publice

487 3776 812 3820 strenuorum
837 3771 973 3819 inter
995 3772 1308 3823 levissimas:
1343 3787 1410 3822 ne
1431 3787 1548 3823 cnm
1630 3772 1812 3823 donati
1854 3788 1887 3821 a
1923 3773 2201 3824 Gracchoz
2245 3784 2328 3825 est
2366 3774 2505 3824 enim
2536 3776 2690 3839 pileus

487 3847 697 3908 reliquis
731 3847 799 3897 de
821 3862 962 3897 more
985 3850 1352 3901 accumbentes
1374 3850 1546 3901 cibum
1628 3848 1885 3897 libertatis
1921 3849 2129 3913 adeptae
2168 3859 2311 3907 nota,
2348 3852 2485 3915 quod
2525 3852 2690 3916 capiti

487 3933 755 3987 caperent.
1629 3937 1829 3986 eorum,
1846 3924 1934 3989 qui
1957 3925 2471 3990 manumittebantur,
2492 3927 2689 3993 imponi

551 4001 576 4035 b
609 4002 670 4051 In
695 4002 881 4065 publico
913 4001 1238 4066 epularentur]
1281 4000 1346 4052 In
1383 4002 1550 4066 pubii-
1628 4000 1839 4060 soleret,
1863 4006 1919 4047 ut
1940 4000 2159 4050 cuilibet
2178 4009 2378 4051 notum.

487 4092 568 4139 co,
589 4086 642 4127 et
667 4079 718 4127 in
743 4078 1034 4141 propatulo,
1057 4086 1138 4128 est
1165 4079 1329 4141 palam
1347 4088 1402 4131 et
1425 4082 1540 4131 loco
1692 4075 1717 4111 ⁸¹
1745 4076 1853 4126 Aac
1892 4078 2003 4126 lano
2050 4078 2157 4127 olba
2211 4079 2378 4129 velati·
2428 4081 2687 4145 capitibus]

487 4165 700 4216 aperto:
745 4154 834 4203 ned
871 4153 1013 4203 alind
1053 4162 1133 4203 est
1170 4154 1221 4203 in
1264 4157 1542 4219 propatulo
1626 4152 1866 4203 Amiculo
1896 4152 2099 4202 scilicet
2131 4168 2196 4202 ex
2218 4168 2386 4218 panno
2411 4156 2559 4207 laneo
2582 4159 2688 4207 tibi

486 4228 695 4289 oedium,
719 4228 856 4277 aliud
889 4229 940 4277 in
970 4227 1210 4291 publico;
1239 4229 1363 4279 iliud
1387 4232 1544 4295 signi·
1624 4230 1832 4280 coloris.

485 4304 608 4355 fleat
641 4304 692 4353 in
723 4306 875 4361 atrio,
893 4306 1012 4353 dans
1029 4305 1078 4353 la
1107 4319 1252 4365 cour,-
1287 4305 1382 4356 hoc
1421 4320 1543 4357 vero
1688 4313 1712 4342 ⁸
1749 4306 1859 4363 Aa&
1896 4304 2197 4373 mmm]
2234 4308 2340 4365 Qui
2377 4316 2591 4361 strenue
2627 4324 2684 4361 se
