3159 4934
548 376 724 443 2⁰52
1481 390 1552 435 τ’.
1599 388 1787 436 mvn

551 542 713 611 erat,
743 542 881 598 tum
903 531 1291 614 praesidium
1319 530 1386 593 in
1417 548 1572 595 arce
1600 529 1921 604 validum,
1948 526 2467 611 praefectumque
2498 530 2733 611 praesi-

553 635 648 697 dii
676 632 852 695 baud
879 651 1045 695 sane
1077 638 1524 713 opportunum
1555 629 2045 704 insidiantibus„
2075 629 2383 693 habebat.
2430 629 2510 693 1..
2530 628 2736 695 Pina-

553 736 692 799 rius
721 740 860 797 erat
889 734 990 795 vir
1019 752 1192 806 acer,
1225 737 1296 795 et
1323 732 1442 814 qui
1471 732 1627 814 plns
1656 732 1723 794 in
1754 750 1859 806 eo,
1888 748 1973 793 ne
2002 738 2241 811 posset
2268 730 2515 812 decipi,
2538 750 2737 813 quam

555 834 628 897 in
675 834 808 897 fide
846 834 1246 908 Siculorum,
1295 838 1645 913 reponeret.
1732 831 1822 894 Et
1864 838 2003 895 tum
2023 829 2443 901 intenderant
2472 850 2623 894 enm
2650 830 2739 897 ad

559 932 837 998 cavendi
870 933 1092 995 omnia
1120 949 1342 995 curam
1363 931 1413 970 ¹⁸
1445 938 1551 996 tot
1579 930 1829 995 anditae
1856 930 2273 1012 proditiones
2301 930 2743 995 defectiones-

557 1052 690 1116 que
728 1035 1008 1107 urbium,
1051 1038 1120 1095 et
1161 1031 1394 1097 clades
1433 1030 1918 1114 praesidiorum.
2009 1030 2245 1113 Itaque
2274 1038 2469 1095 nocte
2498 1032 2739 1114 dieque

549 1134 752 1216 juxta
778 1140 1016 1215 parata
1037 1133 1498 1214 instructaque
1517 1131 1743 1195 omnia
1772 1130 2101 1195 custodiis
2130 1150 2213 1195 ac
2242 1132 2489 1213 vigiliis
2516 1142 2735 1197 erant:

559 1252 680 1297 nec
729 1233 818 1297 ab
861 1233 1064 1296 armis
1113 1239 1231 1296 aut
1271 1231 1424 1295 loco
1463 1250 1591 1295 suo
1638 1232 1829 1295 miles
1867 1230 2294 1295 abscedebat.
2382 1230 2588 1309 Quod
2626 1233 2743 1296 ubi

565 1333 1030 1397 Hennensium
1067 1332 1426 1414 principes,
1461 1332 1608 1415 jam
1646 1334 1832 1415 pacti
1874 1350 2025 1395 cnm
2066 1331 2451 1396 Himilcone
2476 1332 2559 1395 de
2587 1350 2745 1415 pro-

565 1434 810 1497 ditione
860 1433 1178 1514 praesidii,
1240 1432 1859 1511 animadverterunt,
1898 1432 2062 1496 nulli
2106 1433 2446 1497 occasioni
2486 1432 2743 1497 fraudis

567 1534 944 1597 Romanum
989 1541 1237 1615 patere,
1275 1533 1502 1615 palam
1537 1541 1765 1597 rentur
1794 1530 2224 1616 agendum.¹⁹¹
2312 1538 2333 1569 ⁶
2364 1533 2609 1598 Urbem
2644 1552 2745 1596 ar·

569 1654 847 1718 cemque
883 1654 1026 1698 suae
1073 1634 1478 1717 potestatis:
1517 1636 1734 1711 aiunt,
1786 1641 1806 1670 ‘
1840 1635 2079 1699 debere
2118 1656 2294 1710 esse,
2348 1637 2407 1700 si
2445 1636 2635 1699 liberi
2680 1635 2749 1698 in

569 1736 981 1805 societatem,
1011 1754 1148 1797 non
1177 1735 1358 1797 servi
1387 1735 1458 1796 in
1487 1735 1880 1809 custodiam,
1904 1735 2132 1799 traditi
2158 1744 2382 1801 essent
2402 1735 2752 1799 Romanis.

569 1834 813 1915 ltaque
843 1834 1070 1897 claves
1098 1840 1437 1917 portarum
1475 1832 1667 1896 reddi
1697 1833 1861 1896 sibi'
1888 1852 2155 1916 aequum
2188 1842 2485 1900 censent.
2561 1840 2581 1869 ‘
2615 1836 2754 1899 Bo-

569 1935 674 1996 nis
701 1934 909 1997 sociis
940 1932 1142 1995 fidem
1173 1950 1364 1994 suam
1390 1932 1757 1994 maximum
1783 1932 2120 1996 vinculum
2154 1952 2350 1997 esse:
2396 1944 2467 1997 et
2494 1936 2589 1999 ita
2622 1935 2756 2011 sibi

571 2032 906 2115 populum
937 2030 1320 2095 Romanum
1351 2036 1795 2113 senatumque
1822 2034 2075 2113 gratias
2116 2033 2515 2113 habiturum,
2548 2035 2609 2098 si
2638 2052 2755 2098 vo-

571 2132 780 2198 lentes
825 2152 906 2196 ac
945 2152 1072 2196 non
1116 2132 1334 2196 coacti
1377 2132 1785 2196 mansissent
1823 2132 1893 2195 in
1932 2132 2274 2198 amicitia?
2358 2134 2467 2198 Ad
2498 2154 2584 2198 ea
2612 2134 2758 2199 Ro·

573 2252 830 2307 manus,
877 2238 897 2266 ‘
932 2232 1022 2296 Se
1065 2233 1132 2295 in
1162 2231 1474 2313 praesidio
1510 2233 1899 2313 impositum
1932 2233 2127 2309 esse,'
2166 2235 2404 2312 dicere,
2453 2240 2473 2269 ‘
2504 2238 2593 2298 ab
2636 2237 2757 2299 im-

577 2338 882 2411 peratore
929 2349 1091 2409 suog
1138 2331 1504 2410 clavesque
1552 2336 1893 2412 portarum
1932 2338 1999 2395 et
2042 2336 2415 2398 custodiam
2456 2337 2632 2400 arcis
2671 2336 2757 2399 ab

580 2448 664 2492 eo
712 2430 1090 2510 accepisse,
1117 2438 1291 2509 ‘quae
1333 2426 1453 2491 nec
1499 2446 1622 2491 suo
1666 2448 1791 2493 nec
1828 2429 2287 2497 Hennensium
2333 2436 2605 2498 arbitrio
2641 2434 2755 2497 ha-

579 2529 784 2603 beret,
811 2529 927 2591 sed
957 2530 1126 2612 ejuS,
1159 2529 1277 2610 qui
1307 2520 1776 2593 commisisset.
1867 2530 2193 2596 Praesidio
2223 2534 2547 2598 decedere
2577 2534 2757 2618 apud

585 2628 938 2693 Romanos
971 2628 1226 2713 capital
1265 2648 1456 2709 esse3
1479 2636 1592 2665 ²0¹⁰
1640 2636 1707 2693 et
1742 2650 1903 2695 nece
1954 2631 2305 2698 liberorum
2349 2636 2555 2699 etiam
2606 2654 2752 2698 suo·

1494 2805 1853 2829 OOOOOOOOO

586 2930 648 2975 18
685 2928 763 2975 Aa
794 2928 1046 2973 cavendnm
1084 2924 1210 2971 omi
1243 2937 1358 2972 eum
1395 2922 1528 2972 Edd.
1562 2930 1683 2972 ante
1718 2925 1949 2974 Gronov.
1983 2933 2036 2973 et
2073 2926 2303 2991 plerique
2326 2930 2583 2979 Mem—19
2616 2930 2633 2957 ‘
2660 2930 2758 2979 P·-

583 2992 864 3037 Βαναίαν
881 2988 1128 3047 mendam.
1193 2986 1255 3034 Id
1283 2986 1494 3049 antiqua
1525 3002 1679 3036 manu
1713 2994 1947 3037 notatum
1986 2989 2040 3038 in
2074 3005 2232 3050 marg.
2308 2994 2409 3041 Mn.
2438 2994 2583 3043 Voss.
2624 3000 2761 3056 peta·

583 3056 688 3099 emt
723 3053 954 3111 agendum
982 3064 1029 3096 c.
1069 3051 1192 3097 Put.
1221 3052 1458 3111 placuerat
1492 3054 1725 3111 agendam
1760 3052 2088 3114 reliquimus.
2126 3062 2180 3101 et
2208 3056 2340 3106 Edd.
2376 3064 2501 3103 ante
2532 3058 2763 3106 Gronov.

587 3114 689 3163 nisi
715 3116 848 3176 quod
872 3114 1079 3177 qnidam
1107 3113 1235 3161 Mss.
1261 3121 1379 3175 post
1408 3114 1647 3174 placuerat
1677 3114 1875 3165 addunt
1911 3117 1961 3165 ei
1998 3122 2049 3165 et
2082 3118 2249 3166 aliter.-
2282 3118 2418 3167 Edd.
2442 3128 2615 3168 sutem
2640 3133 2762 3171 ante

586 3177 712 3226 illud
734 3183 891 3241 aperte
910 3192 968 3225 ae
995 3178 1248 3239 propalan-
1316 3175 1448 3225 Edd.
1473 3178 1624 3228 Crev.
1645 3185 1701 3227 et
1723 3178 1887 3228 Gron.
1918 3180 2074 3241 palam
2094 3186 2201 3230 erat
2218 3184 2451 3241 agend-nt
2472 3197 2538 3231 ex
2561 3186 2765 3234 emend.

591 3241 747 3303 Lips!
785 3242 1116 3303 nupera—20
1149 3246 1164 3268 ‘
1188 3239 1427 3289 Presidio
1461 3242 1680 3290 decedere
1714 3245 1839 3305 apud
1879 3242 2111 3292 &manos
2140 3246 2314 3308 capital
2346 3260 2461 3295 esse.
2542 3247 2627 3297 Ita
2656 3248 2763 3297 Ma.

591 3305 716 3354 Put.
737 3313 795 3355 et
818 3306 936 3355 Pet.
959 3318 1053 3369 pro
1077 3303 1212 3366 vulg.
1235 3305 1452 3367 capitale.
1487 3320 1535 3355 v.
1557 3305 1622 3355 ad
1646 3320 1735 3354 nr.
1760 3309 1836 3357 11.
1854 3310 1905 3355 4.
1928 3315 1981 3356 et
2002 3308 2094 3356 Sil.
2117 3321 2245 3358 xm.
2269 3313 2381 3359 155.
2405 3312 2493 3375 qui
2510 3312 2563 3360 h.
2586 3312 2620 3360 l.
2644 3319 2764 3361 ante

1569 3482 1789 3532 NOTAE

592 3594 851 3646 Plutonia
871 3595 1047 3644 dicto.
1080 3594 1350 3645 Cluverius
1367 3607 1502 3644 nunc
1527 3597 1643 3645 Gee-
1722 3594 1894 3656 fallor,
1937 3596 1989 3643 in
2033 3598 2261 3661 margine
2306 3599 2498 3649 codicis
2530 3600 2767 3649 vnn-iani

595 3676 670 3718 tro
709 3672 862 3717 donni
907 3670 1008 3719 diei
1057 3670 1188 3730 vult,
1229 3685 1348 3733 quie
1389 3670 1644 3734 hodieque
1724 3670 2001 3733 ascriptum
2040 3672 2254 3735 antiqua
2289 3686 2457 3734 mann,
2480 3680 2612 3723 teste
2635 3674 2769 3725 Gro-

595 3756 699 3793 una
733 3751 809 3791 ent
837 3756 902 3789 ex
940 3743 1192 3805 primariis
1213 3744 1402 3793 Siciliae
1423 3745 1645 3794 eivitati—
1723 3758 1844 3795 nov.
1874 3746 2029 3807 pelam
2048 3752 2216 3796 rentur
2230 3750 2490 3808 amdam.-
2524 3747 2611 3797 alli
2634 3750 2769 3801 enim

599 3816 692 3865 bus
715 3816 767 3864 in
788 3815 933 3865 Valle
956 3815 1104 3865 Noti.
1137 3816 1241 3865 Sed
1262 3818 1502 3869 Nicolaus
1517 3820 1643 3869 San·
1726 3820 1905 3883 scripti
1936 3819 2128 3871 babent
2146 3822 2385 3885 placuerat
2412 3826 2663 3885 egendum,
2693 3840 2773 3875 re·

595 3903 932 3953 sonnpereste
949 3889 1116 3939 adbuc
1131 3891 1290 3941 Enna
1306 3908 1490 3944 nomen
1507 3893 1646 3945 affir·
1727 3898 1843 3947 ciuis
1866 3896 2028 3947 tribus
2046 3898 2275 3954 vocibus,
2297 3914 2413 3962 quae
2452 3901 2505 3949 in
2534 3902 2774 3967 vulg-tin,

599 3973 705 4016 mat
727 3964 790 4014 ad
815 3964 1062 4015 orientem
1101 3966 1282 4029 oppidi
1311 3968 1448 4019 illins
1475 3971 1649 4020 Castro
1728 3972 1815 4022 nbi
1860 3973 2050 4036 legitur
2089 3979 2250 4037 aper-u
2286 3989 2343 4022 ae
2390 3978 2631 4039 propalans
2670 3982 2777 4026 erat

599 4040 769 4090 ami.
1728 4050 1980 4110 agendum.

667 4114 680 4147 ¹
713 4115 886 4163 Palen
905 4117 1068 4162 rentur
1097 4112 1250 4177 [er-t]
1281 4119 1536 4183 aguam]
1568 4122 1651 4171 Ex
1794 4130 1832 4157 ¹¹·
1868 4124 2056 4186 capital
2090 4122 2339 4187 [capitale]
2374 4126 2497 4189 me]
2550 4124 2775 4179 Quidam

601 4190 896 4252 conjectura
935 4187 1097 4253 Lipsii
1135 4198 1236 4242 eut.
1320 4193 1554 4257 Optime,
1598 4197 1653 4246 ni
1730 4200 1935 4251 cedices
1952 4198 2129 4262 capitae
2147 4212 2263 4251 eene.
2324 4198 2425 4249 Sed
2448 4199 2571 4264 quid
2596 4200 2691 4251 hoe
2710 4198 2775 4249 sd
