3159 4934
533 352 708 422 2250
1469 365 1542 414 τ.
1594 363 1777 412 mvn

537 511 948 598 primendam
977 509 1372 575 seditionem
1411 511 1771 592 processit.
1860 506 2091 592 Atque
2120 507 2267 586 ille,
2288 527 2437 573 cum
2468 508 2533 572 ei
2562 508 2735 572 mul-

537 612 754 679 titudo
799 612 1030 696 major,
1085 632 1286 696 quam
1339 612 1803 689 Numidarum,
1858 611 2095 695 procul
2140 612 2315 689 visa,
2365 618 2435 677 et
2482 611 2739 694 clamqr

539 718 886 782 Romanus
915 717 1430 800 haudquaquam
1455 717 1727 798 ignotus
1756 714 1843 780 ad
1870 734 2067 780 aures
2098 713 2487 790 accidisset,
2530 712 2739 795 prius,

539 839 740 904 quam
783 818 867 884 ad
907 819 1114 886 ictum
1157 819 1278 908 teli
1295 823 1354 857 ²⁰
1397 821 1679 896 veniret,
1712 817 2015 902 capessit
2050 816 2299 900 fugam.
2388 815 2521 881 Per
2552 835 2739 881 aver-

541 941 688 996 sam
713 929 973 1006 portam
1003 921 1310 998 emissus,
1339 929 1641 986 assumto
1668 922 1913 985 comite
1948 918 2277 1004 Epicyde,
2316 937 2468 983 cum
2500 917 2739 1002 paucis

541 1025 630 1091 ad
673 1043 856 1090 mare
898 1024 1239 1107 pervenit3
1283 1024 1595 1108 nactique
1636 1031 2010 1107 opportune
2050 1037 2335 1106 parvum
2377 1021 2739 1104 navigium,

539 1126 782 1192 relicta
807 1127 1117 1192 hostibus
1147 1127 1404 1204 Sicilia,
1435 1128 1520 1192 de
1544 1147 1685 1211 qua
1712 1147 1833 1224 per
1860 1133 1959 1192 tot
1978 1145 2191 1192 annos
2218 1133 2551 1190 certatum
2577 1129 2738 1201 erat,

542 1233 612 1295 in
625 1227 923 1294 Africam
948 1229 1375 1315 trajecerunt.
1405 1228 1565 1295 Alia
1583 1229 1933 1293 multitudo
1955 1228 2315 1293 Poenorum
2334 1227 2743 1292 Siculorum-

543 1352 695 1417 que,
743 1352 826 1396 ne
841 1338 1113 1410 ,tentato
1153 1330 1422 1415 quidem
1451 1333 1827 1407 certamine,
1867 1329 2019 1395 cum
2048 1331 2217 1396 caeci
2244 1331 2313 1394 in
2340 1330 2567 1412 fugam
2596 1349 2745 1393 rue-

543 1442 690 1499 rent
727 1433 1076 1516 clausique
1117 1434 1348 1497 exitus
1392 1441 1642 1511 essent,
1688 1434 1867 1498 circa
1907 1441 2139 1517 portas
2168 1451 2374 1497 caesa.
2464 1431 2742 1515 Oppido
2863 1429 2875 1438 ’

543 1541 813 1620 recepto
855 1534 1196 1613 LaevinuS,
1225 1537 1340 1620 qui
1380 1537 1613 1619 capita
1648 1555 1857 1602 rerum
1890 1536 2235 1620 Agrigenti
2267 1535 2505 1614 erant!
2538 1535 2743 1617 virgis

545 1657 770 1704 caesos
801 1637 1023 1702 securi
1051 1639 1420 1722 percussit:
1465 1645 1727 1703 ceteros
1748 1640 2174 1722 praedamque
2207 1637 2535 1703 vendidit.
2580 1637 2746 1702 Om-

543 1761 698 1806 nem
719 1741 1075 1826 pecuniam
1109 1739 1392 1806 Romam
1413 1741 1620 1806 misit.
1690 1741 1907 1808 Fama
1927 1739 2509 1824 Agrigentinorum
2526 1740 2747 1806 cladis

548 1842 855 1908 Siciliam
895 1863 1046 1907 cnm
1077 1845 1510 1927 pervasisset,
1541 1845 1771 1910 omnia
1804 1851 2077 1927 repente
2120 1844 2209 1909 ad
2248 1842 2605 1908 Romanos
2646 1843 2751 1908 in·

549 1946 982 2011 clinaverunt.
1071 1944 1356 2010 Prodita
1402 1947 1589 2012 brevi
1646 1952 1805 2010 sunt
1862 1946 2095 2028 viginti
2152 1946 2447 2030 oppida:
2493 1963 2618 2009 sex
2674 1946 2747 2010 vi

552 2059 798 2130 capta:
855 2047 1238 2112 voluntaria
1265 2047 1611 2114 deditione
1652 2048 1723 2112 in
1764 2047 1965 2116 fidem
1995 2057 2315 2114 venerunt
2343 2048 2429 2113 ad
2462 2048 2747 2133 qnadra-

551 2151 758 2232 ginta.
845 2147 1146 2228 Quarum
1179 2150 1597 2216 civitatium
1642 2151 2061 2235 principibus
2090 2171 2245 2216 cum
2274 2172 2395 2236 pro
2424 2151 2751 2236 cujusque

552 2254 782 2316 merito
807 2251 1040 2316 consul
1065 2251 1284 2334 pretia
1315 2270 1687 2336 poenasque
1712 2261 1732 2292 ¹
1752 2249 1782 2290 ‘²
1827 2253 2254 2332 exsolvisset,
2276 2251 2749 2337 coegissetque

554 2351 852 2429 SiculoS,
883 2353 1128 2434 positis
1162 2353 1430 2418 tandem
1462 2353 1690 2425 armis',
1721 2353 1805 2418 ad
1840 2373 2070 2437 agrum
2090 2355 2449 2421 colendum
2484 2357 2751 2422 animos

555 2463 962 2534 convertere,
1005 2463 1086 2518 ut
1128 2461 1309 2520 esset
1351 2475 1488 2520 non
1531 2457 1899 2522 incolarum
1943 2458 2143 2524 modo
2182 2458 2513 2524 alimentis
2550 2458 2757 2545 frugi·-

555 2556 697 2622 fera
733 2559 970 2636 insula,
1015 2557 1130 2622 sed
1161 2559 1347 2622 urbis
1391 2557 1635 2624 Romae
1679 2567 1883 2643 atque
1916 2560 2137 2628 Italiae
2180 2562 2275 2640 (id
2308 2561 2495 2645 quod
2524 2561 2751 2626 multis

559 2679 745 2744 saepe
772 2661 1293 2744 tempestatibus
1323 2659 1603 2748 fecerat)
1628 2681 1953 2729 annonam
1980 2664 2281 2746 levaret;
2304 2665 2392 2728 ab
2422 2663 2753 2748 Agathyr-
2860 2751 2865 2758 Ι

559 2782 647 2827 na
665 2771 689 2798 ⁶
719 2761 1130 2828 inconditam
1161 2763 1663 2868 multitudinem
1690 2785 1927 2833 secum
1966 2767 2036 2830 in
2062 2765 2334 2833 Italiam
2364 2767 2754 2834 transvexit.

615 2951 650 2994 Ι
677 2953 938 3004 Priuer-iis
954 2954 1152 3013 ciuibus,
1175 2956 1257 3019 qui
1276 2971 1422 3022 supra
1442 2957 1645 3022 reliquos
1666 2959 1947 3011 eminebant.

1604 3087 1845 3108 Coeno-00

561 3179 664 3229 bem
681 3197 737 3230 ac
753 3183 936 3242 forum,
961 3183 1046 3233 vel
1066 3183 1119 3232 in
1139 3185 1310 3232 Μία
1329 3184 1459 3233 urbis
1477 3177 1535 3234 ἀι·
1555 3185 1760 3244 soram!
1796 3187 2173 3252 Doctum—20
2206 3189 2223 3216 ‘
2242 3189 2322 3239 Ad
2341 3189 2487 3240 ictum
2502 3186 2605 3238 teli.
2648 3187 2755 3236 Pro

561 3247 710 3302 ictum
732 3247 1004 3311 legendum
1029 3263 1143 3298 esse
1153 3248 1340 3308 jactum
1360 3250 1631 3314 eleganter
1652 3252 1863 3316 conjicit
1882 3253 2207 3316 Perizonius,
2222 3254 2491 3318 probante,
2506 3263 2560 3301 et
2580 3252 2757 3302 multis

564 3314 817 3374 exemplis
841 3315 974 3363 hunc
998 3325 1144 3362 usum
1169 3313 1412 3378 loquendi
1437 3317 1795 3380 confirmante,
1832 3319 2273 3369 Drakenborcbio.
2339 3317 2589 3370 Attamen
2620 3315 2757 3366 infra

605 3391 772 3440 noque
793 3391 1003 3428 xxvm.
1025 3383 1106 3427 30.
1135 3381 1152 3406 ‘
1161 3379 1276 3442 jam
1296 3370 1430 3427 enini
1446 3383 1541 3429 nub
1566 3382 1673 3431 ictu
1693 3383 1781 3432 teli
1804 3384 2019 3432 erant.'’
2062 3385 2295 3446 Doering.
2328 3385 2547 3434 Necnon
2571 3381 2758 3445 probat

621 3446 886 3505 upert.—1
927 3443 1146 3494 Quidam
1171 3445 1289 3492 libri
1317 3452 1444 3493 vett.
1472 3446 1674 3509 psfoemia
1704 3463 1964 3511 poenuoqne.

1557 3591 1771 3646 Nom-2

631 3692 654 3718 θ
691 3685 996 3750 Civitatium]
1013 3687 1238 3738 Perinde
1257 3688 1446 3740 dicitur
1469 3705 1531 3741 ac
1553 3692 1621 3741 ci·
1706 3703 1830 3758 tem,
1850 3695 1867 3724 ‘
1888 3711 2005 3747 cum
2031 3702 2089 3746 et
2112 3703 2257 3746 reete
2278 3702 2334 3744 et
2356 3703 2625 3758 perperam
2650 3685 2761 3739 fac-

565 3761 789 3824 titatum,
813 3763 1243 3826 quemadmodum
1273 3768 1508 3832 matiam,
1527 3783 1623 3832 pro
1704 3779 1759 3824 to
1781 3769 2003 3837 pretium
2019 3769 2339 3822 deberetur.’
2681 3774 2688 3781 '

568 3845 782 3895 etatum,
801 3840 938 3904 apud
959 3841 1073 3892 Cic.
1093 3839 1160 3892 de
1177 3842 1418 3908 Legibus,
1437 3845 1622 3910 quibus
1766 3855 1790 3882 θ
1821 3847 1899 3897 Ab
1922 3846 2230 3912 Agathyrna]
2264 3845 2595 3910 Agathyrna·
2616 3843 2764 3892 stra.

571 3919 672 3969 ⁸¹i⁸
697 3918 887 3982 Ubique
906 3917 1108 3968 dmm&
1704 3923 1771 3974 bo
1800 3933 1856 3973 et
1894 3923 2097 3974 Plinius
2132 3922 2419 3986 appellant,
2444 3919 2763 3984 Agathyrnum

631 3995 656 4030 ‘¹
689 3995 862 4052 Paua
901 3993 1146 4059 [premia]
1203 3997 1474 4062 poenaeque]
1523 3999 1624 4048 Re·
1706 3997 2041 4049 Ptolomaeus.
2126 3997 2246 4046 Fuit
2290 3994 2540 4060 oppidum
2590 3995 2640 4043 iu
2671 4008 2768 4050 ora

571 4074 684 4136 gius
703 4081 758 4122 et
783 4071 907 4121 Put-
929 4081 983 4120 et
1007 4071 1420 4122 Colbertinorum
1445 4075 1625 4131 melior
1703 4075 1897 4126 Siciliae
1944 4073 2157 4134 boreali,
2212 4073 2347 4122 inter
2400 4071 2647 4120 Halesum
2708 4077 2767 4120 et

573 4149 766 4198 habent
793 4150 953 4210 pretia
987 4163 1262 4211 poenarque:
1298 4159 1352 4198 et
1389 4150 1500 4200 Liv.
1535 4151 1628 4201 lib.
1706 4151 2049 4214 Tyndarium,
2089 4149 2235 4214 cujus
2280 4147 2471 4198 rudera
2511 4148 2669 4211 juxta
2706 4147 2761 4198 S.

576 4239 629 4272 v.
651 4229 665 4254 ⁴
687 4225 927 4288 pretium’
947 4226 1127 4275 sumsit
1145 4226 1194 4274 in
1219 4232 1484 4292 utramque
1507 4243 1629 4292 par·
1708 4227 1894 4290 Marco,
1916 4228 2013 4278 sub
2030 4227 2403 4290 promontorio,
2423 4225 2506 4276 cui
2524 4239 2656 4275 nunc
2675 4239 2765 4274 no-
