3159 4934
1072 386 1217 433 un.
1266 383 1672 434 xxmbar.
1714 368 1824 433 19.
2451 368 2632 435 211⁷
2759 410 2772 423 -

440 536 867 605 cunctantem
902 530 1281 614 Crispinum
1314 529 1668 613 perpulere
1703 528 2060 608 turmales,⁸
2101 546 2188 593 ne
2231 528 2510 613 impune.
2529 534 2634 597 in·-

443 638 725 704 sultare-
752 632 1173 717 Campanum
1232 635 1596 717 pateretur.
1681 630 1924 715 Itaque
1980 637 2248 697 tantum
2303 642 2632 715 moratus,

439 740 599 805 dum
654 738 1099 819 imperatores
1164 734 1567 812 consuleret,
1636 734 2182 818 permitterentne
2239 735 2376 801 sibi
2429 744 2635 803 extra

442 840 743 905 ordinem
766 838 833 901 in
862 843 1339 922 provocantem
1368 836 1634 901 bostem
1661 854 1980 921 pugnare,
2030 838 2365 921 permissu
2397 858 2634 904 eorunr

442 960 629 1007 arma
654 939 833 1025 oepit
858 958 1235 1024 equumque
1260 936 1669 1018 conscendit,
1689 943 1766 1005 et
1793 938 2114 1017 Badium,
2145 942 2412 1007 nomine
2441 960 2636 1007 eom-

437 1043 727 1127 pellaris,
781 1041 871 1108 ad
928 1060 1219 1125 pugnarn
1274 1042 1618 1107 evocavit.
1703 1039 1922 1106 Nulla
1961 1060 2148 1107 mora
2185 1061 2230 1107 a
2283 1040 2630 1127 Campano

436 1146 623 1211 facta
648 1152 777 1211 est.
864 1143 1141 1209 Infest‘u
1185 1142 1377 1226 equis
1418 1148 1946 1209 concurrerunt-⁴
2029 1142 2378 1226 Crispinus
2417 1162 2632 1229 supra

442 1250 709 1312 scutum
738 1245 1080 1309 sinistrum
1106 1243 1450 1307 humerum
1482 1242 1708 1309 Badio
1755 1242 1958 1309 hasta
1984 1243 2346 1321 transfixit,
2393 1264 2634 1329 euper-

438 1368 571 1433 que
600 1348 963 1431 delapsum
986 1365 1141 1412 eum
1164 1346 1435 1412 vulnere
1474 1364 1563 1411 ex
1592 1364 1772 1429 equo
1802 1343 2094 1423 desiluit,
2143 1352 2220 1411 ut
2267 1344 2479 1429 pedes
2518 1347 2634 1431 ja-

438 1454 699 1515 eentern
755 1448 1134 1513 conficeret.
1250 1446 1535 1526 Badius,
1609 1447 1800 1531 prius
1859 1466 2060 1531 quam
2119 1448 2635 1532 opprimeretur,

435 1570 673 1635 parma
717 1556 927 1634 atque
972 1568 1153 1633 equo
1198 1548 1456 1626 relicto,
1508 1548 1602 1613 ad
1641 1566 1817 1613 suos
1863 1544 2169 1631 aufugit!
2249 1546 2630 1632 Crispinus,

438 1672 683 1737 equum
734 1670 1051 1734 armaque
1108 1658 1317 1734 capta
1373 1658 1449 1715 et
1488 1658 1828 1717 cruentam
1851 1657 1876 1697 ⁵
1945 1648 2294 1733 cuspidem
2343 1651 2634 1733 insignis

436 1755 675 1839 spoliis
704 1758 1067 1830 ostentans,
1096 1772 1253 1818 oum
1276 1770 1520 1834 magna
1548 1753 1746 1817 laude
1763 1759 1834 1842 et
1853 1751 2303 1834 gratulatione
2325 1752 2631 1831 militum,

437 1856 525 1919 ad
552 1857 869 1921 consules
882 1862 989 1921 est
1006 1854 1359 1933 deductus,
1378 1854 1832 1938 laudatusque
1847 1854 1944 1920 ibi
1971 1852 2324 1937 magnifice
2341 1863 2412 1918 et
2431 1854 2634 1918 donis

434 1958 740 2024 donatus.

522 2060 634 2123 19.
676 2058 1021 2123 Hannibal
1058 2076 1149 2121 ex
1196 2076 1357 2139 agro
1406 2056 1891 2121 Beneventano
1933 2062 2155 2122 eastra
2204 2054 2294 2123 ad
2324 2055 2632 2139 Capuam

439 2178 593 2224 eum
620 2158 973 2236 movisset,
1002 2159 1199 2223 tertio
1226 2165 1385 2241 post
1412 2157 1547 2235 die,
1576 2174 1780 2240 quam
1809 2158 2014 2235 venit,
2053 2157 2291 2240 copias
2315 2158 2390 2221 in
2416 2157 2634 2221 aciem

440 2260 719 2340 eduxit3
760 2258 1287 2343 haudquaquam
1317 2258 1583 2337 dubius,
1611 2258 1788 2342 quod
1811 2258 2204 2343 Campanis,
2224 2258 2500 2323 absente
2531 2276 2633 2336 se,

436 2382 695 2449 paucos
724 2370 885 2427 ante
916 2362 1059 2427 dies
1086 2362 1387 2428 secunda
1412 2361 1654 2427 fuisset
1681 2378 1927 2446 pugna,
1957 2361 2118 2445 quin
2154 2358 2364 2425 multo
2407 2360 2632 2425 minus

436 2484 509 2528 ee
546 2480 873 2546 suumque
920 2462 1125 2528 toties
1177 2464 1499 2528 victorem
1542 2462 1904 2527 exercitum
1953 2462 2280 2539 sustinere
2331 2461 2636 2527 Romani

436 2570 739 2649 possent.
798 2563 1135 2641 Ceterum,
1152 2570 1517 2648 postquam
1544 2563 1821 2647 pugnari
1845 2569 2146 2647 coepturn
2175 2569 2301 2642 est,
2331 2566 2636 2648 equitum

436 2666 737 2731 maxime
762 2666 1057 2743 incursu,
1086 2684 1241 2730 cum
1262 2665 1519 2748 ‚iaculis
1549 2666 1958 2741 obrueretur,
1987 2664 2347 2730 laborabat
2385 2665 2634 2731 Roma-

344 2820 357 2833 .
434 2786 525 2833 na
552 2768 771 2847 acies;
814 2766 1027 2831 donee
1080 2767 1343 2848 signum
1378 2763 1722 2848 equitibus
1747 2764 1971 2829 datum
2002 2770 2130 2841 est,
2167 2769 2246 2827 ut
2275 2765 2342 2827 in
2371 2766 2633 2831 hostem

438 2870 861 2935 admitterent
888 2885 1131 2950 equos.
1216 2865 1329 2930 Ita
1342 2862 1371 2905 ⁶
1412 2869 1716 2947 equestre
1732 2864 2058 2948 praelium
2083 2870 2250 2941 erat,
2281 2884 2452 2929 -cum
2477 2884 2637 2948 pro·

439 2970 557 3035 eui
584 2970 777 3035 visus
806 2966 1339 3053 Sempronianus
1365 2966 1732 3044 exercitus,
1761 2966 1874 3031 cui
1920 2964 2046 3029 Cn.
2077 2964 2428 3031 Cornelius
2451 2986 2633 3050 quae-

440 3076 583 3136 stor
608 3075 917 3154 praerat,
944 3070 1203 3153 utrique
1230 3068 1407 3154 parti
1434 3086 1664 3154 parem
1693 3076 1942 3134 metum
1967 3068 2276 3152 praebuib
2301 3088 2384 3135 ne
2401 3069 2636 3134 hostes

436 3172 595 3237 novi
622 3170 1084 3237 adventarent.
1170 3168 1389 3235 Velut
1431 3188 1519 3234 ex
1568 3171 1952 3252 composito
1999 3171 2331 3253 utrimque
2377 3172 2634 3253 signum

436 3274 737 3356 receptui
768 3273 1036 3351 datum3
1081 3270 1473 3353 reductique
1526 3268 1594 3331 in
1643 3276 1863 3334 castra
1907 3290 2120 3354 prope
2167 3290 2362 3355 aequo
2410 3271 2634 3335 Marte

440 3372 926 3439 discesserunt.
1032 3372 1275 3436 Plures
1320 3374 1543 3435 tamen
1594 3370 1680 3433 ab
1728 3370 2051 3435 Romanis
2085 3372 2304 3456 primo
2356 3372 2634 3439 incursu

443 3474 746 3557 equiturn
776 3472 1179 3539 ceciderunt.
1268 3470 1431 3536 Inde
1479 3471 1819 3547 consuler„
1868 3477 1946 3536 ut
1993 3477 2368 3537 averterent
2400 3473 2636 3555 Capua

444 3574 924 3655 Hannibalem,
972 3580 1193 3653 nocte,
1242 3592 1395 3658 quae
1456 3580 1692 3639 secuta
1736 3580 1865 3651 est,
1916 3572 2182 3647 diversi,
2237 3574 2522 3639 Fulvius
2567 3576 2634 3638 in

506 3774 525 3805 ⁸
562 3773 1626 3839 odi-mmmmmnwtabm.

448 4012 775 4067 Granum—4
807 4013 895 4067 Al.
926 4020 1315 4067 Μανῆ-6
1348 4013 1435 4065 Al.
1456 4028 1680 4077 ermque
1698 4018 1840 4077 copta
1857 4020 2113 4065 mentm.

1434 4150 1649 4201 NOTAE

966 4246 989 4278 f
1004 4246 1239 4311 Aufugit]
1260 4248 1461 4299 Cenum
1484 4248 1669 4299 scribit
1681 4248 1796 4301 Vel.
1814 4250 1957 4301 Mur.
1983 4264 2058 4301 ιν.
2084 4254 2132 4299 l.
