3159 4934
1061 419 1206 466 un.
1251 417 1498 468 xxm.
1542 419 1710 470 cn.
1752 406 1860 470 40.
2387 408 2561 478 19oe

361 564 660 640 augeret.
743 555 961 622 Filius
985 558 1160 644 ejus,
1185 562 1450 626 nomine
1482 561 1733 630 Hiostu
1742 585 1799 642 s,
1831 566 2073 631 castris
2102 567 2425 650 praeerat:
2470 571 2557 649 is,

359 659 818 726 adolescentia
858 661 1073 739 ferox,
1117 669 1360 730 temere
1403 667 1641 749 praelio
1670 667 1840 732 inito
1886 668 2083 733 fusus
2128 669 2553 755 fugatusque.

361 761 478 828 Ad
513 761 650 826 tria
671 763 878 828 millia
907 764 1276 830 Sardorum
1303 786 1386 831 eo
1418 769 1655 853 praelio
1686 789 1891 848 caesa,
1921 771 2285 856 octingenti
2302 779 2323 814 ³
2356 771 2559 839 ferme

361 864 505 930 vivi
555 865 760 948 capti.
867 864 1096 932 Alius·
1115 870 1456 936 exercitus
1505 871 1726 954 primo
1776 889 1899 955 per
1941 890 2148 955 agros·
2190 873 2559 958 sylvasque

359 967 520 1048 fuga
549 965 858 1048 palatus3
890 967 1067 1045 dein,
1095 989 1232 1053 quo
1261 969 1491 1036 ducem
1523 970 1776 1054 fugisse
1802 972 1987 1038 sama
2018 984 2183 1054 erat,
2208 974 2296 1039 ad
2327 977 2561 1040 urbem

359 1066 628 1130 nomine
655 1064 1000 1144 Cornum,‘¹
1027 1078 1242 1153 capnt
1281 1070 1428 1154 ejus
1473 1073 1788 1154 regioniS,
1836 1075 2151 1157 confugit.
2242 1075 2557 1142 Debella-

358 1177 640 1251 tumque
667 1187 750 1233 eo
790 1169 1028 1252 praelio
1057 1171 1126 1235 in
1157 1171 1466 1236 Sardinia
1493 1178 1703 1250 esset,
1732 1172 1801 1236 ni
1830 1174 2073 1240 classis
2104 1175 2373 1242 Punica
2400 1197 2557 1244 cum

358 1271 536 1334 duce
585 1269 1045 1349 Hasdrubale,
1095 1292 1252 1356 quae
1310 1279 1717 1356 tempestate
1764 1273 2032 1359 dejecta
2094 1275 2185 1341 ad
2250 1277 2558 1345 Baliares

371 1379 538 1449 erat,
568 1373 639 1436 in
669 1379 966 1456 tempore
996 1373 1082 1439 ad
1111 1394 1304 1458 spem
1335 1376 1700 1441 rebellandi
1732 1375 2143 1442 advenisset.
2234 1377 2562 1460 Manlius,

359 1480 526 1556 post
573 1471 826 1539 famam
871 1477 1182 1558 appulsae
1231 1476 1510 1542 Punicoe
1561 1477 1823 1553 classiS,
1876 1475 2157 1544 Carales
2187 1499 2263 1544 se
2291 1483 2559 1566 recepit.

360 1575 468 1640 Ea
505 1577 778 1640 occasio
817 1575 1294 1660 Hampsicorae
1315 1577 1500 1642 data
1545 1577 1769 1644 Poeno
1812 1597 1887 1643 se
1932 1578 2282 1662 jungendi.
2370 1580 2559 1647 Has-2

364 1677 628 1755 drahel,
657 1677 877 1762 copiis
929 1678 999 1742 in
1043 1686 1286 1744 terram
1320 1679 1677 1762 expositis,
1704 1686 1771 1744 et
1810 1681 2035 1745 classe
2076 1682 2359 1746 remissa
2398 1680 2560 1748 Car-

360 1779 717 1862 thaginem,
759 1779 930 1844 duce
963 1779 1423 1864 Hampsicora
1465 1780 1554 1845 ad
1602 1782 1947 1845 sociorum
1981 1769 2216 1865 populi
2261 1782 2557 1848 Romani

363 1877 594 1963 agrum
639 1879 1106 1964 populandum
1169 1880 1531 1965 profectus,
1575 1881 1855 1946 Carales
1902 1890 2343 1966 perventurus
2384 1893 2555 1962 erat,

361 1983 430 2046 ni
487 1979 792 2046 Manlius
857 1983 1060 2048 obvio
1117 1983 1418 2047 exercitu
1480 1984 1570 2047 ab
1638 1981 1853 2048 effusa
1910 2002 2063 2051 eum
2120 1984 2557 2068 populatione

361 2082 828 2148 continuisset.
917 2083 1146 2148 Primo
1175 2089 1402 2148 castra
1425 2085 1665 2148 castris
1703 2084 1972 2148 modico
2009 2085 2363 2151 intervallo
2399 2097 2559 2154 sunt

361 2185 648 2268 objecta,
696 2183 942 2249 deinde
997 2186 1532 2268 procursationes
1590 2185 1901 2268 leviaque
1948 2187 2315 2250 certamina
2373 2183 2559 2254 vario

359 2291 596 2352 eventu
643 2286 845 2350 inita:
889 2290 1224 2368 postremo
1253 2285 1646 2350 descensum
1676 2287 1747 2350 in
1778 2287 2013 2367 aciem,
2046 2287 2385 2370 signisque
2418 2291 2559 2355 col-

359 2389 543 2461 latis,
577 2385 768 2470 juste
797 2387 1032 2468 praelio
1066 2402 1184 2470 per
1211 2395 1501 2471 quatuor
1525 2385 1731 2452 horas
1759 2395 2150 2471 pugnaturn.
2222 2388 2361 2454 Diu
2394 2409 2558 2474 pug-

361 2507 515 2552 nam
567 2487 929 2570 ancipitem
978 2487 1204 2564 Poeni,
1247 2487 1487 2552 Sardis
1525 2487 1731 2553 facile
1784 2490 1961 2555 vinci
1985 2489 2325 2568 «assuetis,
2376 2489 2560 2556 fece-

365 2595 558 2654 runt:
590 2595 944 2671 postremo
995 2595 1064 2652 et
1111 2589 1273 2671 ipsi,
1322 2607 1474 2654 cum
1523 2589 1752 2654 omnia
1794 2590 1975 2654 circa
2018 2597 2243 2672 strage
2279 2609 2362 2656 ac
2398 2591 2561 2674 fuga

367 2690 734 2758 Sardorum
766 2689 1027 2774 repleta
1069 2697 1317 2769 essent,
1353 2691 1506 2756 fusi.
1594 2689 1903 2756 Ceterum
1937 2698 2125 2773 terga
2156 2689 2413 2770 dautes,
2435 2694 2561 2758 cir·

1433 2841 1642 2870 ‘mm

366 2949 471 2999 suit
498 2955 951 3015 propnetam—8
985 2950 1073 3001 Al.
1113 2951 1420 3001 Calorem—«1
1454 2951 1669 3000 Pellidoc
1696 2947 1830 3001 Edd.
1873 2953 1997 2998 ante
2038 2948 2198 2998 Drak.
2202 2954 2298 2998 ——5
2336 2947 2566 3012 rote-'nea

369 3015 560 3066 maie.
645 3031 826 3074 men,
865 3016 996 3066 mille
1033 3015 1237 3066 trecenti
1271 3014 1404 3068 Edd.
1426 3021 1548 3066 ante
1571 3016 1787 3067 Gruter.
1820 3015 1909 3080 qui
1948 3025 2043 3078 pro
2082 3013 2292 3076 triginta
2330 3013 2564 3078 reposuit

1348 3163 1563 3214 NOTAE

360 3258 378 3287 ‘
398 3274 550 3324 quem
589 3275 824 3325 purpura
853 3263 1042 3326 regali·
1073 3275 1174 3310 non
1197 3274 1422 3310 commo·
1501 3259 1751 3324 oppidum
1800 3265 1962 3323 eaput
2015 3257 2318 3308 Pellitorum
2373 3255 2561 3307 Sardo-

361 3336 458 3398 νὴ,
485 3349 603 3386 eum
639 3336 918 3386 Sardorum
951 3344 1216 3386 mastruca
1253 3343 1420 3384 muta·
1499 3350 1635 3394 rum,
1670 3349 1887 3400 quorum
1924 3350 2046 3399 ptr·
2085 3335 2360 3385 Cernennii
2397 3332 2463 3382 ab
2497 3347 2562 3382 eo

363 3409 478 3460 vit?
543 3409 651 3458 Sed
686 3417 743 3460 et
761 3410 1086 3461 Germanice
1109 3415 1294 3474 gentes
1315 3423 1420 3460 non
1499 3411 1649 3476 dicti,
1682 3411 1771 3477 qul
1804 3417 1862 3461 et
1897 3409 2193 3461 AEehilemii
2216 3407 2357 3473 apud
2379 3409 2560 3459 Ptole-

364 3482 588 3534 absimili
611 3485 1034 3536 restitutorum
1067 3499 1258 3550 genere
1281 3498 1416 3536 namt
1498 3499 1711 3549 meum,
1730 3499 1763 3536 a
1776 3499 1881 3552 quo
1900 3492 2203 3535 numeratur
2220 3484 2363 3534 inter
2382 3483 2561 3536 civita-

363 3559 504 3610 unde
526 3559 666 3624 apud
683 3559 861 3624 Sigon.
877 3561 977 3626 Ep.
997 3566 1046 3611 2.
1070 3561 1162 3611 lib.
1185 3575 1225 3611 r.
1254 3553 1421 3612 T'heo·
1500 3569 1581 3612 tes
1602 3561 2015 3613 mediterraneas
2034 3575 2139 3610 una
2154 3573 2271 3610 cum
2298 3561 2454 3620 Bosa,
2482 3559 2562 3609 in-

361 3635 527 3686 dorici
578 3635 871 3686 Gothorum
913 3637 1052 3701 regis
1096 3637 1278 3688 cellam
1319 3639 1419 3688 cir·
1497 3635 1761 3700 terposltit
1778 3634 2213 3698 Maenomenis,ld
2237 3639 2319 3684 est
2338 3634 2562 3696 Insania,

359 3711 623 3762 cumuletit
653 3711 994 3763 ‘Pellitornm
1032 3713 1186 3764 turba
1223 3713 1417 3764 satelli·
1499 3711 1795 3761 montibus-
1844 3711 2071 3760 Ponitur
2102 3717 2160 3760 et
2196 3709 2262 3759 ab
2296 3708 2561 3759 Antonino

360 3788 509 3837 tum.'
595 3789 856 3840 Videntur
907 3797 1078 3840 autem
1133 3789 1422 3840 Pellitur-um

363 3865 664 3926 cognomine
683 3867 722 3914 ii
749 3865 1039 3929 presertim
1067 3865 1208 3916 inter
1225 3865 1420 3917 Sardos

361 3940 641 4002 designati,
671 3943 762 4006 qul
803 3943 1192 3994 mediterranea
1235 3943 1420 3994 insula

363 4013 676 4080 incolebant,
705 4021 980 4082 vectesque
1001 4031 1032 4066 e
1058 4016 1279 4081 pellibus
1301 4020 1420 4082 plue

365 4091 558 4140 ceteris
575 4087 864 4142 affectaban
872 4101 913 4154 t,
929 4092 1074 4142 eirca
1087 4093 1314 4142 Cornum
1337 4107 1423 4142 ur-

364 4165 508 4218 bem.

405 4241 456 4276 -4
497 4239 674 4291 Urbem
705 4243 892 4294 amne
931 4241 1170 4306 Comum]
1221 4243 1423 4294 Cornus

1500 3789 1642 3838 inter
1677 3789 1867 3836 Bonam
1900 3793 1958 3837 et
1995 3786 2239 3837 Tharros.
2300 3785 2436 3836 Sunt
2470 3788 2563 3850 qui

1500 3863 1613 3928 ejus
1634 3862 1855 3912 nominis
1886 3861 2183 3910 memoriam
2206 3867 2393 3924 putant
2416 3868 2562 3908 exta·

1504 3953 1562 3987 re
1602 3938 1655 3987 ln
1694 3937 1825 4000 loco,
1864 3937 1953 4002 qui
1988 3951 2125 3986 nnnc
2161 3937 2315 4002 vulgo
2356 3939 2563 3986 Corneto

1505 4020 1737 4075 vocatur,
1771 4026 1872 4062 nee
1909 4013 2063 4063 situm
2098 4015 2253 4075 plane
2284 4012 2562 4061 abhorrere

1502 4085 1776 4139 Cluverius
1815 4093 2013 4138 censet.
2082 4087 2197 4138 Nic.
2242 4087 2405 4138 Sanno
2442 4083 2565 4135 Sonti

1503 4167 1893 4231 interpretatur.
