3159 4934
510 356 687 423 2144

510 518 829 593 intentus,
888 513 1129 579 necubi
1188 512 1365 578 hosti
1424 532 1618 597 aequo
1679 533 1755 577 se
1821 510 2259 578 committeret
2307 512 2505 593 loco;
2569 514 2714 597 qui,

512 626 959 699 transgressus
1016 616 1279 695 flumen,
1337 634 1548 699 prope
1609 614 1914 698 vestigiis
1987 614 2367 680 abeuntium
2444 614 2714 681 insiste-

512 720 657 784 bat.
2705 770 2712 779 .

598 820 707 885 34.
751 818 887 883 Per
917 818 1187 883 eosdem
1217 817 1365 883 dies
1395 817 1478 882 P.
1518 816 1904 901 Scipionem
1935 836 2054 902 par
2081 822 2311 896 terror,
2341 819 2714 902 periculum

512 920 735 1004 majus
774 922 861 985 ab
891 938 1072 984 novo
1110 919 1331 996 hoste,
1358 920 1657 1001 urgebat.
1747 918 2123 984 Masinissa
2143 925 2290 983 erat
2309 918 2602 1002 juvenis,
2629 941 2713 986 eo

515 1026 806 1104 tempore
854 1021 1080 1086 socius
1105 1026 1159 1059 ¹²
1206 1020 1874 1103 Carthaginiensium,
1925 1040 2128 1104 quem
2175 1020 2415 1085 deinde
2461 1021 2714 1088 clarum

459 1179 477 1199 ,
514 1118 1000 1207 potentemque
1031 1122 1343 1201 Romana
1372 1123 1535 1187 fecit
1551 1123 1873 1188 amicitia.
1963 1122 2038 1187 Is
2068 1130 2208 1185 tum
2233 1142 2384 1186 cum
2407 1124 2714 1205 equitatu

518 1224 961 1289 Numidarum
1005 1230 1075 1288 et
1117 1224 1504 1289 advenienti
1545 1224 1626 1289 Ρ.
1663 1224 1966 1309 Scipioni
2011 1224 2317 1300 occurrit,
2361 1232 2432 1289 et
2473 1225 2714 1291 deiude

516 1324 783 1389 assidue
826 1323 977 1389 dies
1020 1334 1381 1409 noctesque
1424 1325 1702 1391 infestus
1745 1324 2000 1403 aderat,
2044 1333 2118 1390 ut
2160 1342 2294 1387 non
2328 1343 2540 1407 vagos
2571 1333 2717 1391 tan-

517 1435 687 1506 tum,
716 1429 949 1510 procul
996 1448 1039 1493 a
1084 1429 1321 1493 castris
1365 1428 1688 1511 lignatum
1735 1428 2262 1513 pabulatumque
2305 1446 2716 1511 progressoS,

498 1529 882 1611 exciperet,
904 1529 1021 1593 sed
1060 1530 1231 1613 ipsis
1258 1530 1679 1614 obequitaret
1707 1530 1974 1608 castris,
2004 1530 2454 1613 invectusque
2487 1532 2556 1595 in
2579 1551 2718 1597 me·

516 1628 667 1694 dias
696 1648 887 1712 saepe
917 1631 1242 1695 stationes
1270 1630 1497 1694 omnia
1536 1632 1784 1713 ingenti
1817 1630 2098 1695 tumultu
2127 1631 2442 1697 turbaret.
2539 1632 2598 1695 N
2603 1652 2718 1697 oc-

518 1729 699 1795 tibus
742 1750 1016 1815 quoque
1076 1750 1265 1813 saepe
1312 1731 1590 1795 incursu
1627 1732 1967 1813 repentino
2011 1732 2080 1794 in
2133 1732 2354 1815 portis
2402 1734 2715 1817 valloque

519 1830 918 1914 trepidatum
948 1839 1098 1911 est3
1143 1849 1268 1898 nec
1297 1838 1416 1896 aut
1440 1832 1662 1908 locus,
1686 1839 1806 1895 aut
1834 1839 2094 1914 tempus
2121 1834 2326 1897 ullum
2361 1854 2644 1899 vacuum
2675 1854 2720 1900 a

518 1936 699 1995 metu
754 1950 837 1995 ac
887 1931 1311 1996 solicitudine
1362 1940 1507 1995 erat
1559 1932 1933 1997 Romanis:
1997 1936 2504 2019 compulsisque
2543 1937 2718 2002 intra

522 2030 799 2105 vallum,
828 2031 1097 2096 ademto
1136 2050 1353 2095 rerum
1386 2031 1676 2096 omnium
1707 2052 1861 2109 usu,
1889 2054 2040 2097 cum
2073 2054 2289 2119 prope
2325 2037 2510 2119 justa
2537 2038 2724 2102 obsi·

525 2130 640 2193 dio
672 2136 871 2209 esset,
910 2131 1333 2215 futuramque
1360 2132 1713 2196 arctiorem
1743 2152 1890 2195 eam
1915 2144 2286 2216 appareret,
2321 2138 2382 2200 si
2425 2157 2501 2201 se
2539 2138 2720 2203 Iudi—

523 2232 709 2308 bilis,
732 2252 931 2315 quem
960 2252 1111 2297 cum
1155 2240 1419 2315 septem
1452 2233 1755 2297 millibus
1783 2244 1852 2299 et
1873 2238 2251 2319 quingentis
2279 2237 2718 2305 Suessetano-

524 2349 673 2395 rum
692 2339 723 2368 *²
765 2330 1121 2398 adventare
1146 2332 1330 2402 fama
1356 2340 1521 2411 erat,
1566 2334 1802 2399 Poenis
1833 2337 2340 2420 conjunxisset3
2387 2339 2530 2403 dux
2561 2360 2718 2407 cau-

526 2436 638 2495 tus
664 2439 731 2497 et
760 2434 1123 2515 providens
1146 2442 1195 2481 ¹³
1226 2435 1483 2520 Scipio,
1503 2436 1724 2501 victus
1751 2440 2285 2519 necessitatibus,
2306 2444 2722 2506 temerarium

531 2535 721 2615 capit
748 2535 1121 2614 consilium,
1150 2544 1226 2601 ut
1264 2544 1460 2603 nocte
1502 2536 1772 2603 Indibili
1803 2540 2076 2606 obviam
2105 2542 2251 2619 iret,
2281 2548 2373 2620 et,
2402 2561 2721 2625 quocum-

1446 370 1516 418 Τ.
1566 367 1756 417 lell

1447 2698 1811 2721 mue-‘m

598 2780 663 2829 12
692 2779 913 2839 δειναῖς,
945 2780 1029 2845 qai
1048 2796 1101 2832 eo
1122 2786 1325 2847 tempore
1344 2788 1447 2833 erat
1467 2784 1620 2833 meina
1662 2784 1800 2836 Edd.
1830 2792 1951 2836 ante
1987 2786 2348 2838 Gronov—18
2383 2786 2468 2838 Al.
2499 2789 2726 2852 prudens.

1527 2897 1577 2946 N
1586 2896 1740 2946 01¹AE

600 2992 623 3019 ¹¹
658 2984 783 3035 Gran
800 2992 977 3049 septem
996 2988 1204 3039 minibus
1235 2995 1286 3039 et
1314 2991 1589 3053 quingentis
1667 3008 1821 3057 qnam
1869 2994 2186 3045 diversorum
2243 2998 2564 3061 populorum,
2613 2997 2728 3062 agri

532 3060 943 3123 Suessetanorum]
990 3061 1135 3113 Nulli
1168 3063 1305 3128 quod
1345 3066 1504 3115 sciam
1533 3066 1587 3115 in
1665 3076 2032 3122 memorantur.
2097 3072 2251 3122 Esset
2268 3073 2408 3123 forte
2425 3076 2512 3139 qni
2535 3074 2607 3125 ibi
2623 3090 2728 3125 non

532 3134 792 3198 Hispania
831 3136 1119 3187 Suessetani.
1188 3140 1304 3189 Nec
1348 3142 1589 3193 Floriano
1665 3160 1837 3205 omn
1871 3145 2196 3197 Suessitanun
2223 3148 2613 3215 Seddaaamqu,
2634 3152 2728 3200 sed

536 3217 631 3261 ant
660 3210 913 3262 Marianae
946 3216 1218 3278 assentior,
1237 3232 1302 3266 ex
1333 3216 1590 3279 &estasim
1666 3219 1951 3271 Sedetanum
1971 3224 2325 3288 Eddaaamque
2343 3226 2500 3275 scribi
2517 3226 2728 3285 debere,

535 3286 852 3337 Caristorum
868 3290 1008 3352 apud
1023 3288 1361 3342 Ptolemaeum
1379 3295 1591 3359 oppido,
1671 3311 1770 3348 uon
1797 3298 2017 3348 absurde
2041 3300 2342 3363 conjiceret.
2376 3300 2511 3350 Nam
2530 3311 2584 3351 et
2606 3302 2730 3353 Sexi

534 3362 876 3414 Suessetanos
898 3366 978 3415 vel
999 3365 1327 3417 Suessitanos
1356 3370 1593 3420 derivan-
1673 3380 1729 3423 et
1751 3373 1887 3423 Hexi
1905 3374 2135 3437 ejusdem
2155 3374 2422 3439 Hispanici
2441 3377 2622 3440 oppidi
2643 3392 2730 3428 uo·

535 3437 693 3489 tibus.
742 3438 877 3488 Nam
900 3454 964 3488 ex
990 3440 1254 3502 Saestasr'o,
1273 3442 1593 3494 Suestasien-

536 3528 619 3565 ses
654 3520 745 3564 aut
780 3514 1121 3565 Suestasitaui
1153 3517 1365 3567 dicendi
1398 3529 1594 3572 essent.

536 3588 657 3639 Nec
678 3590 851 3653 plures
874 3591 1051 3653 populi
1072 3591 1124 3641 iu
1156 3592 1343 3655 exigua
1365 3594 1595 3643 caristo-

536 3678 650 3713 rum
690 3672 845 3728 geute
883 3665 1109 3728 ponendi
1134 3684 1147 3714 ε
1182 3674 1239 3717 et
1278 3668 1362 3719 bic
1393 3674 1594 3721 tractus

534 3739 736 3801 longius
753 3754 784 3789 a
797 3739 919 3789 belli
938 3740 1061 3789 sede
1078 3754 1255 3791 verens
1270 3741 1593 3807 Aquilonem.

535 3813 799 3864 Sedetanos
816 3814 901 3865 hic
918 3829 1011 3878 pro
1031 3816 1329 3869 Suessetanis
1348 3822 1595 3885 legerem,

538 3888 680 3955 quod
700 3890 940 3941 Indibilis
964 3892 1339 3944 Lacetanorum
1371 3910 1485 3962 rex,
1504 3900 1591 3963 qui

532 3966 913 4018 intercurrente
948 3967 1111 4019 ferme
1141 3971 1298 4023 Ibero
1318 3974 1592 4027 Sedetanis

536 4044 777 4111 proximi,
797 4052 857 4095 ut
878 4044 931 4095 bi
954 4046 1245 4106 Celtiberis,
1270 4064 1483 4113 quorum
1505 4054 1592 4107 bic

536 4121 747 4172 mentio.
812 4120 1009 4171 Verum
1028 4121 1118 4172 lib.
1144 4136 1351 4175 xxvm.
1375 4142 1495 4191 cap.
1510 4133 1594 4179 Μ.

540 4195 955 4249 Suessitanorum
976 4203 1032 4249 et
1050 4198 1441 4267 Sedetanorum,
1476 4210 1592 4255 tan·

1671 3448 1812 3497 mina
1831 3454 1969 3506 sunt,
2010 3466 2039 3501 a
2071 3464 2176 3515 quo
2207 3451 2437 3501 Exitani.
2503 3452 2727 3503 Facilius

1673 3528 1848 3573 tamen
1883 3526 1980 3575 boc
2013 3526 2129 3575 loco
2163 3540 2247 3575 res
2279 3526 2656 3587 conciliabitur,
2685 3529 2733 3578 ai

1675 3614 1770 3663 pro
1807 3601 2208 3663 Suessetanorum,
2243 3603 2474 3666 legamus
2519 3604 2730 3654 Vescitu-

1671 3688 1856 3737 nontm,
1873 3676 1926 3725 id
1945 3682 2046 3740 est,
2071 3676 2394 3728 oscensium.
2429 3680 2570 3731 Osca
2591 3681 2728 3738 enim

1673 3750 1979 3814 Ilergetum,
2001 3752 2140 3817 (quae
2160 3753 2340 3816 ingens
2365 3754 2550 3820 natio,)
2571 3763 2732 3821 caput

1673 3827 1986 3877 Vescitaniae
2003 3828 2173 3878 Plinio
2189 3836 2292 3891 eat,
2309 3832 2464 3894 triplo
2484 3831 2597 3881 fere
2614 3848 2731 3897 pro-

1673 3903 1790 3966 pior
1813 3905 2179 3954 Lacetanorum
2191 3902 2398 3970 finibus,
2421 3921 2571 3971 quam
2587 3908 2734 3959 Saes-

1671 3979 1876 4029 naun.-
1909 3979 2041 4042 quod
2075 3980 2128 4028 in
2163 3977 2411 4031 Alabansi
2443 3984 2731 4036 Cantabro-

1671 4068 1782 4103 rum
1807 4068 1898 4105 sen
1921 4054 2256 4105 Basculornm
2281 4062 2469 4116 tractu,
2493 4059 2635 4111 circa
2657 4061 2731 4110 vl-

1671 4144 1786 4182 cum
1807 4132 1855 4181 la
1884 4130 2037 4181 Vesta
2059 4128 2228 4194 crouy.
