3159 4934
533 361 710 429 2374
1469 381 1538 429 τ.
1590 381 1739 430 mvi
1754 380 1777 427 ι

536 525 846 609 proximo
889 546 1062 593 anno
1109 526 1442 592 interfecti
1485 528 1838 592 terrebant.
1928 532 1949 561 ‘
1980 526 2073 593 Et
2102 544 2184 604 ea
2204 529 2255 575 ¹⁷
2280 527 2520 590 omnia
2549 526 2738 591 acci·

537 626 740 705 disse,
763 648 917 693 cum
945 649 1118 693 unus
1138 632 1520 713 imperator,
1544 650 1715 695 unus
1738 628 2082 694 exercitus
2108 630 2397 693 hostium
2420 630 2492 693 in
2520 629 2733 694 Italia
2820 681 2827 687 .

538 737 757 797 esset:
801 751 975 797 nunc
1019 732 1158 797 duo
1205 733 1380 797 bella
1423 732 1682 798 Punica
1724 732 1929 807 facta,
1972 732 2145 796 duos
2188 732 2495 813 ingentes
2538 752 2731 797 exer-

537 830 728 910 ci‘tuS,
778 834 950 899 duos
997 854 1208 919 prope
1263 834 1689 900 Hannibales
1736 836 1802 897 in
1854 833 2054 923 Italia
2096 854 2265 899 esse.
2352 832 2624 918 Quippe
2666 841 2735 898 et

541 936 1060 1017 Hasdrubalem,
1093 946 1286 1021 patre
1329 938 1562 1003 eodem
1610 936 1999 1001 Hamilcare
2042 937 2352 1019 genitum,
2384 956 2575 1022 aeque
2611 938 2733 1001 im-

539 1040 800 1123 pigrum
829 1040 1090 1117 ducem,
1119 1061 1244 1124 per
1275 1048 1377 1105 tot
1415 1041 1484 1105 in
1519 1039 1856 1123 Hispania
1892 1058 2107 1104 annos
2140 1030 2449 1104 Romano
2478 1040 2737 1105 exerci-

507 1202 512 1209 .
543 1151 758 1207 tatum
780 1142 832 1181 ¹⁸
852 1140 880 1179 ‘¹
924 1142 1129 1220 bello,
1161 1144 1420 1225 gemina
1463 1143 1744 1206 victoria
1770 1141 2144 1224 insignem:
2170 1141 2435 1207 duobus
2476 1144 2735 1207 exerci-

539 1246 722 1311 tibus
751 1266 906 1311 cum
928 1247 1322 1311 clarissimis
1347 1234 1634 1309 ducibud
1656 1244 1916 1309 deletis.
1982 1243 2163 1309 Nam
2185 1245 2441 1309 itineris
2462 1246 2735 1329 quidem

541 1346 878 1412 celeritate
899 1367 986 1411 ex
1015 1348 1378 1431 Hispania,
1395 1354 1464 1412 et
1484 1354 1536 1398 ¹⁹
1567 1346 1919 1412 concitatis
1943 1345 2031 1410 ad
2054 1364 2239 1410 arma
2258 1344 2551 1411 Gallicis
2580 1366 2739 1428 gen·

540 1450 750 1527 tibus,
771 1436 1244 1533 multomagis),
1259 1469 1462 1533 quam
1487 1447 1939 1513 Hannibalem
1962 1449 2208 1532 ipsum,
2230 1448 2489 1530 gloriari
2511 1468 2735 1533 posse.

543 1550 816 1637 Quippe
862 1552 928 1617 in
973 1554 1072 1618 iis·
1101 1554 1274 1619 locis
1319 1552 1495 1619 hunc
1539 1550 1851 1635 coegisse
1890 1553 2276 1627 exercitum,
2323 1554 2575 1635 quibus
2622 1552 2741 1616 ille

541 1656 862 1739 majorem
907 1666 1162 1740 partem
1207 1656 1483 1721 militum
1525 1655 1705 1719 same
1748 1674 1831 1719 ac
1874 1654 2136 1737 frigore,
2170 1673 2329 1738 quae
2370 1654 2741 1719 miserrima

541 1759 774 1823 mortis
825 1778 1066 1840 genera
1116 1764 1288 1835 sunt,
1338 1751 1726 1824 amisisset!
1768 1792 1787 1805 oe
1817 1754 2249 1840 Adjiciebant
2294 1758 2493 1821 etlam
2542 1757 2743 1839 periti

543 1880 758 1925 rerum
783 1860 1164 1945 Hispaniae,
1196 1865 1218 1894 ‘
1250 1859 1430 1925 baud
1459 1878 1613 1925 cum
1647 1859 1887 1943 ignoto
1918 1860 2161 1924 duee²0
2190 1859 2269 1925 C.
2291 1860 2557 1925 Nerone
2582 1876 2743 1923 con-

503 1992 508 1997 ·
543 1982 964 2046 gressurum3
1007 1964 1128 2029 sed
1160 1984 1360 2047 quem
1389 1963 1461 2026 in
1491 1962 1672 2028 saltu
1709 1962 2035 2047 impedito
2066 1964 2517 2047 deprehensus
2548 1962 2737 2039 forte,

541 2066 720 2135 haud
767 2086 966 2131 secus
1011 2086 1218 2151 quam
1257 2066 2092 2151 puerum-conscribendis
2120 2065 2475 2132 fallacibus
2512 2062 2743 2129 condi·

546 2170 847 2234 tionibus
891 2172 1082 2253 pacis
1122 2170 1478 2235 frustratus
1517 2167 1872 2235 elusisset?
1958 2167 2202 2233 Omnia
2244 2168 2497 2251 majora
2540 2167 2741 2233 etiam

545 2291 709 2335 vero
753 2271 1070 2354 praesidia
1112 2272 1434 2349 bostium,
1469 2272 1727 2337 minora
1770 2290 1919 2349 sua,
1948 2276 2132 2336 metu
2164 2272 2541 2354 interprete,
2572 2290 2745 2335 sem-

550 2392 672 2457 per
702 2376 770 2437 in
801 2372 1137 2436 deteriora
1164 2372 1509 2448 inclinato,
1541 2373 1903 2437 ducebant.

634 2476 742 2539 45.
787 2472 996 2553 Nero,
1025 2483 1385 2557 postquam
1417 2472 1564 2557 jam
1611 2480 1871 2537 tantum
1912 2473 2242 2539 intervalli
2288 2475 2377 2539 ab
2416 2474 2613 2539 hoste
2652 2476 2750 2541 fe·

551 2589 758 2655 cerat,
788 2586 865 2641 ut
907 2576 1126 2659 detegi
1166 2576 1516 2641 consilium
1548 2576 1718 2639 satis
1749 2584 1965 2640 tutum
1998 2584 2204 2655 esset,
2236 2577 2469 2659 paucis
2498 2575 2751 2643 milites

551 2683 937 2767 alloquitur.
1027 2674 1252 2763 Negat
1298 2685 1319 2714 ‘
1351 2679 1556 2745 ullius
1609 2679 1962 2745 consilium
2012 2680 2439 2762 imperatoris
2484 2682 2551 2744 in
2596 2700 2753 2765 spe·

551 2786 718 2850 ciem
749 2784 1094 2863 audacius,
1125 2804 1196 2849 re
1225 2784 1382 2867 ipsa
1413 2783 1624 2849 tutius
1654 2783 1891 2860 fuisse,
1924 2803 2124 2868 quam
2156 2801 2374 2848 sunm.
2462 2781 2575 2848 Ad
2606 2805 2753 2849 cer-

551 2895 685 2954 tam
737 2908 860 2952 eos
906 2907 980 2951 se
1027 2888 1374 2951 victoriam
1429 2885 1697 2951 ducere.
1804 2883 2081 2970 Quippe
2132 2884 2219 2950 ad
2272 2884 2451 2969 quod
2502 2887 2753 2953 bellum

553 2990 816 3072 collega
851 3009 984 3053 nou
1024 2994 1200 3065 ante,
1231 3006 1428 3072 quam
1469 2988 1555 3051 ad
1601 2986 1987 3053 satietatem
2026 2989 2245 3072 ipsius
2278 2988 2573 3072 peditum
2593 2986 2615 3025 f
2652 2996 2751 3055 at-

552 3111 683 3176 que
733 3092 1030 3174 equitum
1083 3090 1260 3155 datae
1310 3092 1396 3155 ab
1448 3100 1685 3156 senatu
1732 3091 1951 3174 copiae
1993 3091 2280 3156 fuissent
2320 3092 2605 3174 majores
2648 3093 2751 3156 in-

554 3194 1080 3279 structioresque,
1118 3214 1324 3279 quam
1367 3196 1428 3259 si
1471 3193 1798 3259 adversus
1838 3194 2063 3277 ipsum
2112 3192 2561 3258 Hannibalem
2604 3196 2753 3274 iret,

1468 3377 1492 3394 θ
1499 3374 1677 3395 Μθθθ
1684 3374 1830 3395 oceo&

558 3495 621 3543 1⁶
654 3490 826 3542 Ablue
864 3490 1028 3539 Gron.
1069 3490 1223 3543 Crev.
1226 3494 1355 3541 -17
1385 3490 1488 3541 Vul
1493 3498 1601 3553 3.ss
1640 3499 1760 3541 ante
1798 3489 2205 3540 Gron.1eet.et
2236 3494 2438 3541 ειη-18
2477 3490 2757 3542 Exercitum

554 3556 714 3607 Gron.
739 3558 947 3619 Doujat.
973 3556 1074 3605 Cre
1046 3572 1108 3604 ev
1113 3561 1260 3607 .-19
1285 3556 1414 3606 Edd.
1438 3566 1559 3606 ante
1592 3555 1771 3619 Sigon.
1795 3550 2026 3603 carento-
1995 3556 2065 3615 τῷ
2091 3554 2757 3607 ει.-20·Ριιι.1ιιιιιάσιυιι

555 3622 718 3705 ignoto
737 3636 840 3670 enm
861 3622 976 3671 duee
1004 3622 1062 3671 C.
1088 3622 1295 3672 Nerone.
1350 3622 1484 3672 Dele
1523 3622 1668 3686 prius
1700 3636 1819 3677 cum,
1853 3628 1943 3670 aut
1977 3620 2166 3684 scribe,
2189 3620 2436 3683 bandjan
2462 3622 2628 3685 ignoto
2650 3635 2755 3673 eum

671 3683 790 3737 .’.J
817 3687 877 3736 F.
901 3686 1068 3737 Gron.

1545 3832 1765 3885 NOTAE

557 3944 658 3996 nini
699 3945 968 4010 auspicato
1021 3912 1234 4012 susci-pi,
1276 3946 1455 3997 fierive
1504 3960 1617 3996 mos
1758 3952 1783 3979 θ
1818 3944 2023 3993 Gemina
2042 3943 2245 3994 victoria
2274 3944 2537 4011 ιἰιιίςιιεηι]
2571 3946 2760 3998 Relata

561 4031 694 4073 erat.
1697 4020 1764 4070 de
1788 4020 2037 4071 ambobus
2070 4021 2397 4084 Scipionibus
2433 4021 2681 4073 fratribus
2703 4024 2757 4075 in

621 4100 644 4133 ⁶
700 4099 910 4148 Ιίνιιιαιιο
951 4099 1263 4149 exercitatam·
1305 4097 1616 4163 [exercitum]
1698 4098 1957 4163 Hispania
1981 4098 2152 4148 cresis.

555 4174 709 4227 Colb.
754 4190 904 4235 ιιιιιιε,
945 4176 1286 4225 exercitatum.-
1329 4176 1464 4241 quod
1497 4190 1616 4241 per·
1763 4173 1782 4208 ¹
1806 4178 1887 4227 Aa
1922 4180 2189 4226 satietatem
2220 4176 2369 4249 ipsiu
2396 4177 2762 4244 pedianum]

558 4252 678 4302 inde
712 4258 810 4301 ent.
1697 4251 1832 4304 Vide
1854 4267 2009 4318 supra
2032 4266 2082 4305 c.
2102 4256 2189 4302 38.
