3159 4934
619 413 794 481 2046
1553 423 1624 470 τ.
1674 419 1862 470 mvn

621 570 966 638 terioribus
998 566 1219 644 remis,
1253 572 1332 628 nt
1359 566 1538 628 latus
1568 564 1757 628 lateri
1786 563 2256 645 applicaretur,
2279 579 2434 626 cum
2474 562 2856 628 exteriore

623 670 850 735 ordine
878 685 1200 731 remorum
1231 664 1414 728 velut
1443 682 1651 728 naves
1670 671 1719 711 ¹⁵
1762 669 2133 744 agerentur,
2180 671 2392 732 turres
2426 665 2857 729 contabula—

623 777 730 836 tas
787 767 1458 847 machinamentaque·
1504 764 1639 827 alia
1712 763 2097 846 quatiendis
2158 764 2365 828 muris
2432 766 2857 846 portabant.

622 870 969 936 Adversus
1022 866 1195 930 hunc
1251 863 1557 929 navalem
1628 868 2025 945 apparatum
2085 862 2527 928 Archimedes
2602 865 2885 929 variae.

622 967 1086 1052 magnitudinis
1135 972 1470 1031 tormenta
1515 965 1587 1028 in
1636 965 1845 1026 muris
1898 964 2251 1046 disposuit.
2342 964 2419 1027 In
2463 984 2610 1042 eae,
2664 985 2849 1048 quae

623 1070 850 1152 procul
897 1073 1107 1145 erant,
1153 1085 1356 1130 naves
1401 1083 1570 1128 saxa
1609 1065 1857 1145 ingenti
1902 1065 2191 1145 pondere
2236 1065 2623 1129 emittebat:
2671 1085 2851 1148 pro-

626 1171 850 1250 piores
908 1168 1294 1242 levioribuS,
1362 1183 1578 1247 eoque
1641 1164 1859 1245 magis
1928 1163 2202 1240 ombria,
2274 1166 2555 1246 petebat
2622 1167 2793 1230 telis
2816 1187 2843 1230 t

626 1256 992 1350 postremo,
1019 1277 1098 1333 ut
1140 1269 1247 1332 sui
1281 1266 1552 1331 vulnere
1583 1266 1817 1329 intacti
1851 1265 1983 1329 tela
2012 1267 2081 1328 in
2110 1265 2375 1329 hostem
2416 1266 2835 1346 ingererent,

627 1389 882 1434 murum
935 1373 1020 1434 ab
1061 1372 1194 1434 imo
1247 1368 1335 1432 ad
1382 1387 1710 1432 summum
1762 1366 2035 1444 erebi-ia,
2082 1367 2489 1431 cubitalibus
2518 1366 2680 1444 sere,
2712 1387 2839 1432 ca-

627 1472 732 1534 vis
752 1471 804 1510 ¹⁶
823 1479 850 1517 ‘¹
882 1471 1185 1553 aperuit3
1229 1489 1346 1554 per
1365 1489 1518 1554 quae
1549 1487 1719 1533 cava
1747 1485 1907 1551 pars
1936 1467 2228 1551 sagittis„
2254 1487 2411 1549 pars
2444 1468 2837 1550 scorpioni-

627 1572 794 1635 bus‘
837 1571 1126 1636 modicis
1165 1591 1256 1636 ex
1302 1571 1570 1637 occulto
1601 1570 1928 1654 petebant
1955 1570 2239 1634 hostem.
2328 1568 2507 1646 Quae
2538 1568 2835 1652 propius

629 1674 936 1755 quaedam
967 1674 1280 1756 subibant
1307 1672 1539 1748 naves„
1569 1691 1707 1754 quo
1752 1671 2105 1736 interiores
2156 1669 2407 1734 ictibus
2454 1675 2832 1733 tormento—

627 1791 773 1836 rum
817 1781 1065 1850 essent,
1114 1776 1185 1837 in
1219 1793 1336 1836 eas
1356 1781 1406 1820 ¹⁷
1453 1772 1781 1836 tollenone
1824 1790 2027 1856 super
2072 1789 2325 1835 murum
2370 1771 2705 1834 eminente
2726 1768 2781 1808 ¹⁸
2801 1777 2833 1804 ⁸

1545 1933 1783 1954 meno
1787 1933 1906 1954 ‘m

628 2027 765 2076 binae
787 2035 842 2076 et
867 2029 999 2077 bino
1023 2029 1415 2092 quinqueremes
1447 2043 1612 2093 usque
1653 2029 1717 2079 ad
1758 2030 1911 2080 octo!
1942 2030 2022 2079 Rs
2130 2033 2273 2078 .—15
2308 2029 2324 2058 ‘
2346 2029 2428 2080 Ex
2460 2029 2690 2092 vestigiis
2714 2029 2823 2081 Hs.

629 2091 754 2140 Put.
781 2106 895 2140 cum
919 2093 1184 2142 Crevierio
1207 2095 1474 2155 legendnm
1501 2101 1627 2156 puto
1648 2095 1775 2144 velat
1806 2109 1903 2144 m
1922 2109 2073 2154 mets,
2094 2095 2232 2157 quod
2254 2095 2412 2142 etiarn
2437 2093 2597 2143 Drak.
2634 2094 2819 2156 proba·

631 2154 814 2204 verat-⁹
864 2157 1050 2206 Stroth.
1148 2157 1287 2207 Velut
1327 2173 1423 2208 aaa
1459 2158 1597 2208 aunis
1643 2158 1694 2207 in
1734 2165 1937 2208 textum
1975 2171 2119 2207 suuni
2168 2171 2285 2206 rece
2327 2159 2368 2206 it
2406 2158 2821 2220 Kreyssigius.·-

630 2223 692 2268 16
725 2221 740 2247 ‘
769 2221 939 2268 Caucis
973 2219 1105 2269 Edd.
1131 2231 1250 2270 ante
1275 2222 1499 2272 Froben.
1536 2235 1825 2286 perperam,
1860 2237 1975 2272 cum
1998 2221 2251 2284 ejusmodi
2306 2221 2536 2270 oramina
2562 2237 2694 2276 coeo,
2718 2235 2819 2270 non

627 2298 782 2332 esoces
805 2283 1079 2333 dicantur-⁹
1110 2284 1422 2334 Stroth-17
1453 2290 1469 2314 ⁸
1491 2285 1611 2340 Quo
1648 2285 1814 2348 (forte
1855 2287 1993 2340 Cam,
2020 2285 2187 2348 Duk.)
2216 2286 2407 2347 propius
2427 2287 2639 2346 qaoedosi
2658 2285 2817 2348 (Edd.

634 2352 754 2394 ante
778 2347 940 2396 Gron.
963 2346 1178 2410 quidm)
1197 2347 1415 2398 nabibus&
1437 2363 1613 2398 muros
1632 2361 1793 2413 mes,
1814 2365 1923 2413 quo,
1951 2359 2007 2398 ut
2028 2349 2278 2398 interiores
2298 2349 2469 2398 ictibus
2486 2351 2821 2398 terne-toran

1618 2475 1833 2526 NOTAE

632 2564 904 2628 legendam
934 2565 1119 2626 juncta
1157 2568 1268 2618 olioe
1309 2567 1434 2619 δίκα
1475 2571 1539 2620 od
1577 2575 1682 2620 octo
1762 2571 1851 2636 qui
1872 2571 1949 2621 sic
1969 2571 2134 2622 dictas
2161 2571 2441 2636 vult,quod
2463 2567 2633 2634 parvis
2657 2569 2817 2619 subti-

632 2643 1000 2704 qat‘aqaeremea.
1763 2649 1999 2710 libusque
2040 2647 2253 2710 spiculis
2294 2655 2511 2696 mortem
2546 2644 2816 2696 inferrent.

697 2723 724 2758 a
749 2716 958 2780 Crebris,
975 2717 1396 2780 cubitalibusfaere.
1413 2719 1565 2784 mois]
1589 2721 1685 2772 ca.

635 2812 700 2846 va
733 2804 854 2845 suut
878 2795 1150 2861 foramina,
1185 2805 1401 2849 notante
1437 2799 1682 2863 sigonio:

633 2878 692 2920 ut
708 2871 844 2934 apud
863 2872 1105 2923 Plautum
1123 2873 1174 2923 in
1190 2873 1570 2938 Menaechmis,‘
1590 2875 1686 2925 eti-

635 2959 717 2994 am
742 2959 876 2993 nune
901 2947 1130 2996 concede
1147 2947 1396 2997 audacter
1417 2948 1481 2997 ab
1504 2951 1690 3000 Leoni·

635 3033 702 3067 no
725 3017 888 3068 cavo.’
954 3019 1109 3083 Apud
1141 3021 1476 3072 Columellam
1499 3024 1689 3087 iegitur

635 3094 688 3142 in
712 3107 900 3156 genere
925 3095 1222 3158 masculino,
1245 3095 1262 3122 ‘
1283 3097 1470 3146 deinde
1503 3113 1689 3150 cavum

634 3181 787 3232 quem
809 3167 996 3218 feceris
1019 3171 1218 3220 sarculo
1233 3171 1514 3223 obturato.’
1579 3175 1689 3225 Go-

633 3243 892 3292 delevaeus
921 3244 1126 3294 cubitale
1153 3247 1466 3298 substantive
1497 3250 1707 3315 acciplt‘

637 3331 732 3380 pro
752 3317 1018 3383 brachiali,
1029 3322 1137 3370 sive
1156 3327 1452 3386 tegumento
1474 3324 1687 3376 brachii.

639 3393 915 3443 Lambinus
961 3395 1016 3444 in
1061 3396 1249 3447 Horat.
1281 3398 1483 3448 cubicae
1521 3401 1688 3462 pulvi·

633 3481 757 3517 num
774 3470 1166 3533 interpretatur,
1185 3471 1266 3522 cui
1282 3479 1486 3522 veteres
1503 3473 1689 3523 Roma-

635 3544 689 3592 ni
723 3544 862 3592 inter
884 3547 1190 3596 conandum
1221 3548 1548 3598 innitisoliti.
1602 3549 1687 3600 An

636 3617 800 3666 simile
825 3617 945 3679 quid
976 3633 1040 3667 ex
1065 3621 1262 3680 cavatis
1290 3621 1373 3674 hic
1401 3621 1506 3672 illic
1526 3624 1687 3673 muris

523 3729 528 3732 .
637 3690 702 3738 ad
743 3694 1061 3753 protegenda
1095 3702 1530 3757 propugnatorum
1569 3699 1685 3748 bra·

636 3765 754 3814 chia
774 3767 1060 3829 excogitari
1082 3769 1146 3817 ab
1170 3769 1483 3823 Archimede
1505 3783 1685 3838 potue·

635 3841 726 3902 rit,
749 3841 1030 3902 peritorum
1056 3851 1166 3893 esto
1179 3845 1447 3906 judicium.

699 3925 718 3951 ¹
741 3917 870 3967 Pars
887 3920 1230 3985 scorpionibus]
1253 3923 1562 3988 Scorpiones
1581 3943 1685 3978 ma·

634 3993 798 4045 chium
833 3992 1000 4048 fuere.
1035 4009 1151 4058 qum
1181 3998 1288 4047 tela
1307 4013 1422 4049 cnm
1445 4016 1571 4052 sono
1595 4017 1683 4054 ex-

634 4069 917 4133 pellebant,
959 4083 990 4120 a
1031 4073 1308 4135 catapultis
1366 4075 1685 4142 ballistisque

635 4143 874 4207 diversae,
917 4160 978 4196 ac
1019 4145 1255 4199 minores.
1327 4151 1685 4204 Maamilium

631 4221 832 4286 posteri
882 4221 1226 4289 appellarunt,
1268 4225 1489 4291 Vegetio
1532 4235 1685 4296 teste,

1762 2721 1867 2772 Sed
1889 2722 2213 2784 scorpionum
2236 2721 2325 2770 alii
2341 2722 2581 2784 majores,
2601 2721 2815 2770 minores

1767 2795 1883 2846 alii:
1916 2794 2053 2845 unde
2076 2809 2177 2844 non
2202 2795 2295 2844 abs
2312 2809 2370 2844 re
2392 2796 2597 2859 Lipsius
2622 2795 2813 2845 uvius-

1767 2871 1955 2934 arguit,
1974 2870 2109 2934 quod
2144 2870 2397 2920 cubitales
2430 2869 2545 2919 fere
2568 2883 2721 2920 cavos
2740 2867 2812 2920 fe·

1768 2945 1919 3008 cerit,
1942 2959 2037 3008 per
2069 2959 2195 3009 qnos
2236 2945 2423 3009 partim
2460 2945 2683 3009 sagittis,
2702 2959 2812 3008 par-

1768 3021 1861 3070 tim
1898 3021 2253 3084 scorpionibus
2292 3019 2509 3070 modicis
2544 3021 2705 3070 bostis
2728 3035 2811 3084 pe—

1768 3100 1997 3143 teretur:
2039 3102 2097 3144 ut
2130 3095 2265 3144 enim
2305 3097 2511 3145 occulte
2550 3097 2811 3148 vibrentur

1766 3170 1966 3234 spicula
1986 3184 2051 3219 ex
2074 3170 2289 3222 modicis
2311 3171 2683 3234 scorpionibus,
2694 3185 2812 3237 qna·

1768 3246 1843 3295 les
1864 3246 1950 3295 hic
1972 3261 2002 3294 a
2025 3246 2248 3309 Polybio
2268 3254 2325 3297 et
2361 3248 2659 3304 Plutarcho,
2679 3249 2809 3313 ipso-

1768 3335 1869 3385 que
1906 3322 2035 3371 adeo
2072 3321 2220 3371 Livio
2261 3331 2627 3384 memorantur,
2670 3338 2808 3388 equo

1769 3397 2020 3460 ampliora
2040 3402 2215 3445 essent
2234 3397 2481 3446 cubitalia
2502 3400 2588 3447 illa
2612 3396 2808 3447 forami·

1768 3483 1865 3519 nat
1901 3478 1953 3519 et
1984 3483 2107 3520 sane
2145 3469 2330 3536 Polyb.
2354 3472 2428 3521 ait
2460 3471 2805 3522 Archimede-

1766 3559 1832 3595 ea
1864 3545 1916 3594 iu
1950 3547 2109 3595 muris
2144 3547 2395 3609 palmaria
2430 3554 2627 3598 tantum
2650 3549 2807 3611 dispo·

1766 3620 1949 3671 suisse.
1978 3621 2284 3684 scorpiones
2319 3622 2449 3673 Isid.
2485 3637 2581 3686 pro
2614 3624 2800 3687 sagittis

1767 3696 2028 3745 venenatis
2054 3697 2263 3760 accipit.
2298 3698 2453 3748 Aliud
2474 3701 2657 3762 opinor
2676 3713 2804 3750 scor-

1768 3771 1973 3834 pionum
1998 3787 2177 3836 genus,
2206 3774 2391 3837 quibus
2423 3775 2677 3826 violenter
2695 3791 2799 3826 eon·

1765 3847 2140 3909 torquebantur
2200 3863 2342 3910 saxa,
2412 3849 2660 3901 describit
2722 3853 2799 3902 lib.

1765 3933 1932 3972 xxm.
1974 3921 2273 3974 Ammianus
2298 3925 2657 3990 Marcellinus,
2686 3941 2799 3992 qnos

1762 4009 1855 4046 suo
1880 4005 2112 4062 tempore
2145 4013 2361 4062 onagros
2380 4002 2667 4065 appellatos
2689 4002 2795 4053 scri·

1762 4075 1856 4128 bit.

1827 4161 1845 4185 ⁸
1880 4153 2121 4203 rollenum
2156 4167 2296 4216 super
2334 4169 2519 4205 marnas
2558 4157 2792 4221 entiaests]

1762 4229 1985 4294 Egregie
2004 4284 2014 4295 ,
2031 4227 2289 4294 Sigonius,
2330 4239 2541 4282 secutus
2560 4261 2565 4264 -
2596 4233 2793 4296 vestigia
