3159 4934
544 402 717 469 2178

544 560 1003 637 abscessisset,
1060 560 1402 643 extemplo
1476 558 1871 624 dederentur
1929 556 2282 641 Campani.
2367 557 2730 623 Numidam

546 662 881 747 promtum
928 662 1013 726 ad
1062 662 1287 725 omnia
1333 660 1641 725 audenda
1685 660 1878 725 donis
1921 660 2210 747 pellicit,
2249 668 2347 738 ut,
2375 660 2585 725 literis
2617 681 2730 725 ac·

544 767 783 849 ceptis,
816 766 1038 846 specie
1077 764 1435 845 transfugoe
1480 772 1704 827 castra
1753 761 2060 827 Romana
2111 762 2478 843 ingressus,
2525 762 2736 827 altera

546 874 735 950 parte
763 864 1069 948 Capuam
1100 867 1273 929 clam
1301 863 1654 948 pervadat.
1743 862 1984 927 Literae
2015 867 2242 928 autem
2273 872 2467 927 erant
2491 864 2735 927 adhor-

541 970 793 1033 tatione
845 968 1080 1051 plenae.
1170 972 1190 1001 ‘
1212 966 1704 1031 Profectionem
1757 984 1974 1042 suam,
2027 984 2178 1047 quae
2232 964 2545 1029 salutaris
2595 964 2734 1029 illis

543 1069 735 1148 foret,
766 1071 1251 1134 abstracturam
1284 1067 1878 1132 ad·defendendam
1903 1066 2192 1133 Romam
2227 1066 2314 1131 ab
2344 1086 2735 1149 oppuguan-

543 1170 630 1234 da
656 1170 896 1253 Capua
919 1170 1125 1235 duces
1156 1178 1361 1254 atque
1390 1170 1731 1234 exercitus
1763 1168 2138 1233 Romanos.
2227 1166 2336 1233 Ne
2366 1166 2736 1251 desponde-

544 1280 683 1339 rent
713 1275 1005 1337 animos:
1052 1271 1401 1337 tolerando
1432 1290 1692 1355 paucos
1722 1270 1870 1335 dies
1915 1278 2126 1335 totam
2175 1270 2515 1335 soluturos
2555 1270 2736 1333 obsi-

545 1372 858 1439 dionem?
943 1372 1115 1437 Inde
1164 1391 1367 1439 naves
1414 1372 1483 1435 in
1528 1372 1799 1436 flumine
1841 1370 2170 1437 Vulturno
2221 1372 2732 1455 comprehensas

544 1477 765 1558 subigi
796 1476 880 1541 ad
912 1476 1060 1555 id,¹⁹
1105 1475 1287 1559 quod
1321 1475 1466 1559 jam
1499 1482 1655 1539 ante
1687 1474 1990 1556 proesidii
2021 1494 2234 1539 causa
2271 1474 2553 1550 fecerat,
2585 1494 2733 1537 cas-

543 1576 816 1642 tellum·
845 1578 1074 1661 jussit.
1162 1576 1461 1655 Quarum
1511 1578 1630 1640 ubi
1683 1584 1929 1642 tantam
1977 1578 2246 1659 copiam
2300 1596 2476 1652 esse,
2510 1584 2580 1641 ut
2607 1594 2736 1641 una

544 1687 739 1745 nocte
782 1680 1003 1764 trajici
1052 1686 1287 1763 posset
1332 1682 1696 1757 exercitae,
1739 1679 2016 1761 allatum
2055 1685 2176 1755 est,
2203 1678 2474 1743 cibariis
2502 1678 2741 1743 decem

546 1778 803 1845 dierum
856 1784 1285 1866 praeparatis,
1336 1782 1666 1846 deductas
1719 1788 1914 1845 nocte
1965 1780 2052 1845 ad
2110 1778 2384 1843 fluvium
2443 1780 2734 1862 legiones

544 1880 948 1948 ante'lucem
982 1882 1268 1966 trajecit.

628 1982 694 2047 8.
744 1983 827 2047 Id
850 1985 1033 2067 prius
1049 1984 1253 2066 quam
1284 1984 1491 2061 fieret,
1512 1985 1610 2048 ita
1639 1982 1926 2050 futurum
1955 1992 2364 2067 compertum
2391 2002 2484 2047 ex
2517 1991 2736 2048 trans-

544 2082 743 2166 fugiS,
794 2084 1074 2149 Fulvius
1123 2084 1421 2149 Flaccus
1475 2084 1737 2148 senatui
1788 2083 2078 2149 Romam
2131 2105 2282 2149 cum
2326 2085 2732 2167 scripsisset,

542 2186 725 2250 varie
772 2186 1107 2251 hominum
1157 2188 1359 2251 animi
1410 2206 1531 2270 pro
1585 2184 1914 2270 cujusque
1971 2188 2235 2269 iugenio
2287 2186 2508 2250 affecti
2557 2195 2736 2251 sunt.

544 2286 642 2351 Ut
670 2289 737 2351 in
768 2308 837 2351 re
868 2296 1001 2350 tam
1034 2288 1318 2372 trepida,
1340 2296 1569 2351 senatu
1593 2288 1938 2369 extemplo
1963 2296 2224 2365 vocato,
2261 2288 2338 2351 P.
2360 2287 2734 2367 Cornelius,

543 2388 651 2449 cui
682 2388 917 2451 Asinoe
960 2390 1334 2467 cognomen
1362 2383 1553 2463 erat‚‘
1591 2406 1822 2451 omnes
1871 2388 2079 2453 duces
2131 2390 2596 2472 exercitusque
2643 2410 2734 2456 ex

546 2495 694 2551 tota
722 2487 951 2567 Italia,
980 2507 1193 2572 neque
1225 2487 1513 2571 Capuae,
1544 2507 1760 2571 neque
1793 2490 1989 2554 ullius
2017 2492 2296 2555 alterius
2326 2494 2424 2556 rei
2453 2510 2730 2570 memor,

1480 417 1545 466 T.
1597 414 1786 465 mvn

1450 2634 1810 2657 eneneeeeoe

544 2716 628 2769 ΑΙ.
660 2722 743 2769 aut
778 2720 979 2769 alterum
1012 2734 1074 2769 ex
1103 2720 1200 2778 iim
1234 2720 1315 2782 qni
1341 2719 1385 2767 ri
1424 2719 1844 2769 dividuam—18
1891 2720 1962 2769 Eu
1991 2720 2133 2771 delet
2167 2724 2454 2775 Crev.—19
2490 2725 2577 2774 Sic
2597 2727 2651 2778 J.
2671 2728 2731 2777 F.

542 2784 709 2834 Gron.
756 2784 771 2811 ‘
808 2786 891 2833 cui
930 2785 1152 2835 debetur
1194 2799 1398 2849 quicque
1444 2785 1827 2847 elegantissima
1869 2786 2020 2849 liujus
2064 2789 2220 2849 ipsius
2261 2790 2360 2839 loci
2407 2792 2731 2853 ernendatiog

544 2864 661 2898 nam
700 2864 794 2913 pro
828 2850 986 2911 subigi
1007 2851 1069 2899 ad
1099 2850 1150 2899 id
1189 2856 1434 2915 corrupte
1474 2851 1595 2900 olim
1630 2850 1921 2912 legebatur,
1951 2850 2061 2900 duci
2077 2853 2278 2914 gladio?
2313 2854 2561 2919 Deeriug.
2597 2856 2733 2906 Vide

546 2915 668 2964 Not.
686 2914 811 2962 Var-

1534 2978 1751 3027 NOTAE

604 3081 629 3107 ⁸
660 3071 836 3132 Subigi
852 3074 915 3120 ad
936 3073 1007 3133 id,
1036 3074 1157 3134 quod
1175 3072 1281 3132 jam
1300 3079 1413 3122 ante
1428 3074 1598 3135 prasi-
1679 3076 1814 3135 quod
1837 3074 2046 3125 Galatia
2067 3078 2128 3125 ad
2156 3078 2465 3129 Vulturnum
2499 3096 2600 3131 non
2621 3082 2729 3134 fue·

539 3148 611 3197 dii
632 3148 985 3208 caususeccmt,
1008 3147 1271 3211 castellum]
1307 3149 1367 3196 In
1386 3148 1597 3209 scriptis
1679 3154 1763 3203 rit.
1823 3156 1974 3203 Lenr.
1997 3156 2147 3204 Valla
2177 3170 2278 3205 non
2315 3161 2448 3209 male
2474 3176 2540 3209 ex
2568 3164 2733 3224 gladio

541 3223 652 3272 fere
672 3223 905 3272 omnibus
927 3230 1181 3277 estmaves
1199 3222 1462 3287 influmine
1486 3224 1598 3272 Vel·
1676 3230 1803 3281 fecit
1824 3234 1886 3281 aa
1923 3232 1990 3293 ia,
2020 3232 2173 3295 plano
2196 3247 2346 3283 sensu
2365 3243 2420 3285 et
2443 3236 2546 3285 levi
2570 3246 2744 3288 muta:

538 3304 679 3349 turno
698 3298 1049 3361 eonem-ehensos
1063 3300 1175 3347 duci
1185 3300 1350 3361 gladio
1367 3301 1599 3362 quodJam
1679 3310 1818 3357 tione
1839 3325 1855 3368 ;
1899 3315 1961 3357 ut
1983 3317 2124 3357 esset
2153 3324 2297 3361 naues
2327 3312 2439 3360 duci
2466 3315 2528 3361 ud
2556 3316 2607 3363 td
2628 3330 2730 3364 eus-

538 3381 651 3425 eute
686 3375 906 3438 presidii
939 3379 1079 3423 causa
1108 3372 1295 3433 fecerat
1334 3379 1597 3441 castellum,

528 3453 700 3513 jussit.
782 3452 919 3501 Illud
956 3454 1118 3515 gladio
1160 3454 1281 3517 quid
1316 3456 1415 3503 sibi
1453 3457 1597 3518 velit,

542 3543 692 3578 nemo
715 3528 881 3577 adhuc
909 3530 1248 3592 interpretum
1281 3531 1479 3594 araequi
1506 3544 1596 3593 po·

542 3606 661 3655 tuit.
683 3606 865 3654 Codex
888 3606 937 3653 M
946 3608 1223 3669 oguutinus
1246 3607 1505 3655 Casilinum
1522 3608 1598 3655 le·

542 3680 639 3743 git,
660 3681 794 3743 quod
818 3682 914 3729 hoc
931 3682 1174 3743 oppidum
1198 3682 1263 3729 ad
1288 3684 1596 3731 Vulturnum

541 3754 729 3804 flumen
754 3756 821 3804 sit
846 3772 859 3801 ι
890 3757 942 3804 id
966 3758 1228 3806 Glareano
1250 3758 1381 3805 haud
1406 3759 1596 3822 placet,

542 3831 955 3895 quandoquidem
978 3833 1026 3879 in
1054 3834 1396 3882 Romanorum
1424 3846 1599 3897 potes-

545 3913 656 3957 tate
681 3908 961 3957 Casilinurn
992 3918 1126 3971 erat,
1155 3923 1185 3956 ι
1218 3910 1283 3962 Q.
1316 3910 1476 3961 Fabio
1506 3926 1599 3960 nu·

545 3996 640 4046 per
664 3989 951 4045 receptum.
994 3984 1182 4045 Itaque
1205 3985 1453 4035 Galatiam
1474 3988 1598 4051 quin

543 4056 871 4107 scribendum
890 4058 955 4106 sit
978 4058 1123 4108 Glar.
1142 4074 1240 4107 non
1262 4059 1487 4113 dubitat.
1528 4066 1598 4113 Et

546 4148 667 4183 vero
692 4148 755 4182 ex
788 4141 961 4182 nostro
994 4136 1145 4196 paulo
1170 4142 1311 4198 ante,
1336 4138 1595 4189 Hannibal

547 4210 773 4273 Capuam
808 4208 1086 4257 adveniens
1121 4210 1381 4263 Galatiam
1411 4218 1598 4266 cantel-

543 4286 651 4335 lum
685 4291 915 4347 cepernt.
983 4284 1249 4347 Improbat
1284 4301 1385 4337 uon
1419 4290 1597 4340 imme·

549 4362 652 4411 rito
696 4360 941 4411 Glareani
999 4360 1375 4414 correctionem
1418 4364 1594 4429 Sigon.

1677 3384 1858 3445 tellum,
1890 3384 1970 3445 &a
2010 3398 2176 3447 neque
2217 3385 2352 3433 enim
2399 3390 2730 3449 quaerendurn

1677 3472 1860 3508 nonien
1879 3460 2080 3508 castelli
2104 3459 2154 3509 in
2176 3466 2376 3524 tempu·
2392 3468 2646 3515 exstructi
2669 3467 2734 3515 ed

1677 3548 1822 3582 ustum
1858 3532 1996 3583 belli.
2065 3532 2134 3583 At
2167 3534 2333 3585 Gron.
2367 3551 2484 3586 cum
2521 3540 2572 3587 in
2611 3541 2733 3593 Put.

1677 3609 2252 3671 scriptum'inveniaset,
2281 3612 2362 3661 ubi
2393 3614 2556 3675 gladio
2594 3620 2732 3681 quod,

1683 3685 1802 3733 inde
1827 3684 2080 3733 divinavit
2097 3687 2256 3748 subigi
2276 3690 2339 3737 ud
2369 3690 2421 3736 id
2449 3693 2570 3751 quod
2602 3698 2732 3749 unte,

1676 3763 1760 3822 &c-
1803 3762 1870 3809 Et
1892 3775 2012 3810 sane
2037 3764 2306 3825 subigendi
2330 3763 2542 3813 verbum
2563 3768 2734 3833 virgi.

1677 3837 1746 3886 lio
1775 3838 1992 3902 aliisque
2025 3842 2291 3905 usitatum,
2313 3840 2364 3889 iu
2396 3843 2612 3907 navigiis
2643 3844 2734 3895 ad-

1680 3926 1826 3962 verso
1841 3910 2050 3965 flumine
2074 3916 2436 3978 promovendis
2451 3935 2467 3979 ;
2492 3928 2548 3967 ut
2564 3926 2618 3969 et
2635 3921 2736 3970 Ta·

1680 3989 1784 4039 cito
1805 3990 2122 4039 subvehendi
2148 3992 2379 4047 verbum,
2403 3992 2488 4041 ubi
2519 3994 2734 4047 Germa·

1680 4064 1849 4114 uicum
1873 4080 1937 4115 ea
1965 4066 2016 4114 in
2042 4080 2096 4114 re
2121 4080 2358 4127 peccasse
2380 4070 2549 4132 arguit
2569 4071 2620 4119 iu
2643 4072 2734 4121 ad·

1677 4139 1931 4188 ducendis
1973 4140 2024 4187 iu
2069 4140 2303 4190 Cauchas
2351 4157 2444 4205 per
2484 4142 2732 4197 Amisiam

1677 4215 1858 4278 copiis,
1888 4220 1904 4244 ⁴
1930 4213 2064 4280 quod
2101 4231 2200 4265 nou
2233 4218 2512 4283 subrexi&
2545 4221 2596 4270 id
2633 4232 2733 4288 est,

1659 4290 1814 4354 'quod
1847 4305 1951 4341 non
1981 4292 2200 4344 ulterius
2231 4308 2320 4347 eu
2355 4296 2409 4348 iu
2438 4295 2629 4349 flumen
2658 4300 2733 4350 iu-

1677 4366 1927 4418 duxisset.
