<?xml version="1.0" encoding="UTF-8"?>
<!DOCTYPE html PUBLIC "-//W3C//DTD XHTML 1.0 Transitional//EN"
    "http://www.w3.org/TR/xhtml1/DTD/xhtml1-transitional.dtd">
<html xmlns="http://www.w3.org/1999/xhtml" xml:lang="en" lang="en">
 <head>
  <title>
</title>
<meta http-equiv="Content-Type" content="text/html;charset=utf-8" />
  <meta name='ocr-system' content='tesseract 3.04.00' />
  <meta name='ocr-capabilities' content='ocr_page ocr_carea ocr_par ocr_line ocrx_word'/>
</head>
<body>
  <div class='ocr_page' id='page_1' title='image "./tliviipatavinih28unkngoog_0150.png"; bbox 0 0 3159 4934; ppageno 0'>
   <div class='ocr_carea' id='block_1_1' title="bbox 591 424 1835 493">
    <p class='ocr_par' dir='ltr' id='par_1_1' title="bbox 591 424 1835 493">
     <span class='ocr_line' id='line_1_1' title="bbox 591 424 1835 493; baseline -0.007 0"><span class='ocrx_word' id='word_1_1' title='bbox 591 424 768 493; x_wconf 74' lang='lat'><strong>2⁰22</strong></span> <span class='ocrx_word' id='word_1_2' title='bbox 1530 436 1601 485; x_wconf 76' lang='lat' dir='ltr'><strong>r.</strong></span> <span class='ocrx_word' id='word_1_3' title='bbox 1648 434 1835 486; x_wconf 77' lang='grc' dir='ltr'>ωνιι</span> 
     </span>
    </p>
   </div>
   <div class='ocr_carea' id='block_1_2' title="bbox 499 578 2793 2701">
    <p class='ocr_par' dir='ltr' id='par_1_2' title="bbox 589 578 2793 1060">
     <span class='ocr_line' id='line_1_2' title="bbox 593 578 2793 671; baseline -0 -20"><span class='ocrx_word' id='word_1_4' title='bbox 593 583 748 667; x_wconf 90' lang='lat' dir='ltr'><strong>cus)</strong></span> <span class='ocrx_word' id='word_1_5' title='bbox 773 590 1176 669; x_wconf 78' lang='lat' dir='ltr'><strong>comportat.</strong></span> <span class='ocrx_word' id='word_1_6' title='bbox 1266 578 1656 649; x_wconf 80' lang='lat' dir='ltr'><strong>Praedatum</strong></span> <span class='ocrx_word' id='word_1_7' title='bbox 1702 582 1862 648; x_wconf 88' lang='lat' dir='ltr'><strong>inde</strong></span> <span class='ocrx_word' id='word_1_8' title='bbox 1898 581 2216 650; x_wconf 55' lang='lat' dir='ltr'><strong>Numidae</strong></span> <span class='ocrx_word' id='word_1_9' title='bbox 2258 578 2625 670; x_wconf 85' lang='lat' dir='ltr'><strong>Maurique</strong></span> <span class='ocrx_word' id='word_1_10' title='bbox 2674 599 2793 671; x_wconf 79' lang='lat' dir='ltr'><strong>per</strong></span> 
     </span>
     <span class='ocr_line' id='line_1_3' title="bbox 593 684 2791 771; baseline -0 -20"><span class='ocrx_word' id='word_1_11' title='bbox 593 687 1035 753; x_wconf 81' lang='lat' dir='ltr'><strong>Sallentinum</strong></span> <span class='ocrx_word' id='word_1_12' title='bbox 1091 706 1320 771; x_wconf 81' lang='lat' dir='ltr'><strong>agrum</strong></span> <span class='ocrx_word' id='word_1_13' title='bbox 1373 687 1850 770; x_wconf 81' lang='lat' dir='ltr'><strong>proximosque</strong></span> <span class='ocrx_word' id='word_1_14' title='bbox 1906 684 2186 769; x_wconf 80' lang='lat' dir='ltr'><strong>Apuliae</strong></span> <span class='ocrx_word' id='word_1_15' title='bbox 2236 689 2453 753; x_wconf 90' lang='lat' dir='ltr'><strong>saltus</strong></span> <span class='ocrx_word' id='word_1_16' title='bbox 2508 688 2791 754; x_wconf 83' lang='lat' dir='ltr'><strong>dimissi.</strong></span> 
     </span>
     <span class='ocr_line' id='line_1_4' title="bbox 592 788 2791 874; baseline 0.001 -21"><span class='ocrx_word' id='word_1_17' title='bbox 592 788 787 854; x_wconf 89' lang='lat' dir='ltr'><strong>Unde</strong></span> <span class='ocrx_word' id='word_1_18' title='bbox 816 798 1062 855; x_wconf 84' lang='lat' dir='ltr'><strong>ceterae</strong></span> <span class='ocrx_word' id='word_1_19' title='bbox 1088 789 1340 874; x_wconf 75' lang='lat' dir='ltr'><strong>praedae</strong></span> <span class='ocrx_word' id='word_1_20' title='bbox 1369 788 1548 854; x_wconf 86' lang='lat' dir='ltr'><strong>baud</strong></span> <span class='ocrx_word' id='word_1_21' title='bbox 1592 791 1895 866; x_wconf 87' lang='lat' dir='ltr'><strong>multum,</strong></span> <span class='ocrx_word' id='word_1_22' title='bbox 1924 807 2251 872; x_wconf 88' lang='lat' dir='ltr'><strong>equorum</strong></span> <span class='ocrx_word' id='word_1_23' title='bbox 2290 810 2525 874; x_wconf 81' lang='lat' dir='ltr'><strong>greges</strong></span> <span class='ocrx_word' id='word_1_24' title='bbox 2572 790 2791 855; x_wconf 84' lang='lat' dir='ltr'><strong>maxi·</strong></span> 
     </span>
     <span class='ocr_line' id='line_1_5' title="bbox 589 889 2789 977; baseline 0 -20"><span class='ocrx_word' id='word_1_25' title='bbox 589 912 696 957; x_wconf 89' lang='lat' dir='ltr'><strong>me</strong></span> <span class='ocrx_word' id='word_1_26' title='bbox 737 893 999 959; x_wconf 80' lang='lat' dir='ltr'><strong>abacti:</strong></span> <span class='ocrx_word' id='word_1_27' title='bbox 1047 912 1088 957; x_wconf 91' lang='lat' dir='ltr'><strong>e</strong></span> <span class='ocrx_word' id='word_1_28' title='bbox 1124 892 1372 975; x_wconf 88' lang='lat' dir='ltr'><strong>quibus</strong></span> <span class='ocrx_word' id='word_1_29' title='bbox 1401 891 1488 956; x_wconf 88' lang='lat' dir='ltr'><strong>ad</strong></span> <span class='ocrx_word' id='word_1_30' title='bbox 1519 898 1805 976; x_wconf 86' lang='lat' dir='ltr'><strong>quatuor</strong></span> <span class='ocrx_word' id='word_1_31' title='bbox 1830 890 2046 955; x_wconf 84' lang='lat' dir='ltr'><strong>millia</strong></span> <span class='ocrx_word' id='word_1_32' title='bbox 2071 889 2410 958; x_wconf 84' lang='lat' dir='ltr'><strong>domanda</strong></span> <span class='ocrx_word' id='word_1_33' title='bbox 2440 894 2789 977; x_wconf 86' lang='lat' dir='ltr'><strong>equitibus</strong></span> 
     </span>
     <span class='ocr_line' id='line_1_6' title="bbox 590 994 833 1060; baseline -0.004 -2"><span class='ocrx_word' id='word_1_34' title='bbox 590 994 833 1060; x_wconf 82' lang='lat' dir='ltr'><strong>divisa.</strong></span> 
     </span>
    </p>

    <p class='ocr_par' dir='ltr' id='par_1_3' title="bbox 499 1093 2791 2701">
     <span class='ocr_line' id='line_1_7' title="bbox 670 1093 2785 1181; baseline 0 -20"><span class='ocrx_word' id='word_1_35' title='bbox 670 1096 784 1161; x_wconf 78' lang='lat'><strong>21.</strong></span> <span class='ocrx_word' id='word_1_36' title='bbox 826 1095 1147 1175; x_wconf 86' lang='lat' dir='ltr'><strong>Romani,</strong></span> <span class='ocrx_word' id='word_1_37' title='bbox 1179 1114 1332 1160; x_wconf 90' lang='lat' dir='ltr'><strong>cum</strong></span> <span class='ocrx_word' id='word_1_38' title='bbox 1361 1093 1615 1159; x_wconf 88' lang='lat' dir='ltr'><strong>bellum</strong></span> <span class='ocrx_word' id='word_1_39' title='bbox 1646 1114 2079 1181; x_wconf 76' lang='lat' dir='ltr'><strong>nequaquam</strong></span> <span class='ocrx_word' id='word_1_40' title='bbox 2108 1097 2671 1162; x_wconf 84' lang='lat' dir='ltr'><strong>contemnendum</strong></span> <span class='ocrx_word' id='word_1_41' title='bbox 2718 1099 2785 1161; x_wconf 91' lang='lat' dir='ltr'><strong>in</strong></span> 
     </span>
     <span class='ocr_line' id='line_1_8' title="bbox 589 1196 2789 1282; baseline 0.001 -21"><span class='ocrx_word' id='word_1_42' title='bbox 589 1198 826 1262; x_wconf 80' lang='lat' dir='ltr'><strong>Sicilia</strong></span> <span class='ocrx_word' id='word_1_43' title='bbox 851 1197 1159 1273; x_wconf 85' lang='lat' dir='ltr'><strong>oriretur,</strong></span> <span class='ocrx_word' id='word_1_44' title='bbox 1189 1215 1504 1279; x_wconf 88' lang='lat' dir='ltr'><strong>morsque</strong></span> <span class='ocrx_word' id='word_1_45' title='bbox 1534 1199 1806 1279; x_wconf 81' lang='lat' dir='ltr'><strong>tyranni</strong></span> <span class='ocrx_word' id='word_1_46' title='bbox 1838 1197 2045 1263; x_wconf 89' lang='lat' dir='ltr'><strong>duces</strong></span> <span class='ocrx_word' id='word_1_47' title='bbox 2076 1198 2291 1279; x_wconf 82' lang='lat' dir='ltr'><strong>magis</strong></span> <span class='ocrx_word' id='word_1_48' title='bbox 2318 1196 2645 1282; x_wconf 82' lang='lat' dir='ltr'><strong>impigros</strong></span> <span class='ocrx_word' id='word_1_49' title='bbox 2674 1199 2789 1263; x_wconf 88' lang='lat' dir='ltr'><strong>de-</strong></span> 
     </span>
     <span class='ocr_line' id='line_1_9' title="bbox 586 1298 2789 1382; baseline -0 -20"><span class='ocrx_word' id='word_1_50' title='bbox 586 1298 804 1363; x_wconf 81' lang='lat' dir='ltr'><strong>disset</strong></span> <span class='ocrx_word' id='word_1_51' title='bbox 831 1298 1297 1382; x_wconf 78' lang='lat' dir='ltr'><strong>Syracusanis,</strong></span> <span class='ocrx_word' id='word_1_52' title='bbox 1321 1316 1526 1381; x_wconf 89' lang='lat' dir='ltr'><strong>quam</strong></span> <span class='ocrx_word' id='word_1_53' title='bbox 1549 1315 1831 1362; x_wconf 86' lang='lat' dir='ltr'><strong>causam</strong></span> <span class='ocrx_word' id='word_1_54' title='bbox 1860 1308 1979 1364; x_wconf 84' lang='lat' dir='ltr'><strong>aut</strong></span> <span class='ocrx_word' id='word_1_55' title='bbox 2006 1299 2271 1363; x_wconf 86' lang='lat' dir='ltr'><strong>animos</strong></span> <span class='ocrx_word' id='word_1_56' title='bbox 2302 1306 2654 1378; x_wconf 77' lang='lat' dir='ltr'><strong>mutasset,</strong></span> <span class='ocrx_word' id='word_1_57' title='bbox 2688 1299 2789 1363; x_wconf 89' lang='grc' dir='ltr'><strong>Μ.</strong></span> 
     </span>
     <span class='ocr_line' id='line_1_10' title="bbox 499 1399 2787 1483; baseline 0 -17"><span class='ocrx_word' id='word_1_58' title='bbox 499 1472 515 1483; x_wconf 43' lang='grc'>,</span> <span class='ocrx_word' id='word_1_59' title='bbox 588 1399 927 1466; x_wconf 84' lang='lat' dir='ltr'><strong>Marcello</strong></span> <span class='ocrx_word' id='word_1_60' title='bbox 957 1401 1150 1465; x_wconf 86' lang='lat' dir='ltr'><strong>alteri</strong></span> <span class='ocrx_word' id='word_1_61' title='bbox 1179 1399 1528 1465; x_wconf 87' lang='lat' dir='ltr'><strong>consulum</strong></span> <span class='ocrx_word' id='word_1_62' title='bbox 1559 1418 1707 1464; x_wconf 85' lang='lat' dir='ltr'><strong>eam</strong></span> <span class='ocrx_word' id='word_1_63' title='bbox 1737 1400 2158 1483; x_wconf 80' lang='lat' dir='ltr'><strong>provinciam</strong></span> <span class='ocrx_word' id='word_1_64' title='bbox 2190 1400 2574 1467; x_wconf 84' lang='lat' dir='ltr'><strong>decernunt.</strong></span> <span class='ocrx_word' id='word_1_65' title='bbox 2664 1402 2787 1466; x_wconf 87' lang='lat' dir='ltr'><strong>Se-</strong></span> 
     </span>
     <span class='ocr_line' id='line_1_11' title="bbox 587 1500 2785 1586; baseline -0 -19"><span class='ocrx_word' id='word_1_66' title='bbox 587 1502 879 1567; x_wconf 87' lang='lat' dir='ltr'><strong>cundum</strong></span> <span class='ocrx_word' id='word_1_67' title='bbox 933 1502 1328 1585; x_wconf 77' lang='lat' dir='ltr'><strong>Hieronymi</strong></span> <span class='ocrx_word' id='word_1_68' title='bbox 1375 1500 1629 1567; x_wconf 78' lang='lat' dir='ltr'><strong>caedem</strong></span> <span class='ocrx_word' id='word_1_69' title='bbox 1660 1502 1876 1586; x_wconf 87' lang='lat' dir='ltr'><strong>primo</strong></span> <span class='ocrx_word' id='word_1_70' title='bbox 1910 1503 2381 1567; x_wconf 79' lang='lat' dir='ltr'><strong>tumultuatum</strong></span> <span class='ocrx_word' id='word_1_71' title='bbox 2413 1504 2483 1567; x_wconf 88' lang='lat' dir='ltr'><strong>in</strong></span> <span class='ocrx_word' id='word_1_72' title='bbox 2518 1501 2785 1567; x_wconf 86' lang='lat' dir='ltr'><strong>Leonti-</strong></span> 
     </span>
     <span class='ocr_line' id='line_1_12' title="bbox 584 1600 2790 1689; baseline -0.001 -20"><span class='ocrx_word' id='word_1_73' title='bbox 584 1606 693 1669; x_wconf 86' lang='lat' dir='ltr'><strong>nis</strong></span> <span class='ocrx_word' id='word_1_74' title='bbox 723 1604 905 1689; x_wconf 87' lang='lat' dir='ltr'><strong>apnd</strong></span> <span class='ocrx_word' id='word_1_75' title='bbox 935 1604 1186 1669; x_wconf 84' lang='lat' dir='ltr'><strong>milites</strong></span> <span class='ocrx_word' id='word_1_76' title='bbox 1213 1604 1455 1681; x_wconf 82' lang='lat' dir='ltr'><strong>fuerat,</strong></span> <span class='ocrx_word' id='word_1_77' title='bbox 1476 1600 2049 1686; x_wconf 81' lang='lat' dir='ltr'><strong>vociferatumque</strong></span> <span class='ocrx_word' id='word_1_78' title='bbox 2079 1603 2406 1683; x_wconf 83' lang='lat' dir='ltr'><strong>ferociter,</strong></span> <span class='ocrx_word' id='word_1_79' title='bbox 2436 1610 2790 1688; x_wconf 82' lang='lat' dir='ltr'><strong>parentan-</strong></span> 
     </span>
     <span class='ocr_line' id='line_1_13' title="bbox 584 1703 2790 1791; baseline -0.001 -19"><span class='ocrx_word' id='word_1_80' title='bbox 584 1707 747 1772; x_wconf 89' lang='lat' dir='ltr'><strong>dum</strong></span> <span class='ocrx_word' id='word_1_81' title='bbox 791 1710 934 1791; x_wconf 80' lang='lat' dir='ltr'><strong>regi</strong></span> <span class='ocrx_word' id='word_1_82' title='bbox 980 1706 1311 1790; x_wconf 80' lang='lat' dir='ltr'><strong>sangnine</strong></span> <span class='ocrx_word' id='word_1_83' title='bbox 1358 1705 1857 1788; x_wconf 87' lang='lat' dir='ltr'><strong>conjuratorum</strong></span> <span class='ocrx_word' id='word_1_84' title='bbox 1910 1724 2081 1769; x_wconf 90' lang='lat' dir='ltr'><strong>esse.</strong></span> <span class='ocrx_word' id='word_1_85' title='bbox 2167 1703 2436 1771; x_wconf 84' lang='lat' dir='ltr'><strong>Deinde</strong></span> <span class='ocrx_word' id='word_1_86' title='bbox 2462 1704 2790 1771; x_wconf 81' lang='lat' dir='ltr'><strong>libertatis</strong></span> 
     </span>
     <span class='ocr_line' id='line_1_14' title="bbox 585 1805 2791 1891; baseline -0.001 -17"><span class='ocrx_word' id='word_1_87' title='bbox 585 1810 909 1875; x_wconf 75' lang='lat' dir='ltr'><strong>restitutae</strong></span> <span class='ocrx_word' id='word_1_88' title='bbox 958 1808 1154 1873; x_wconf 84' lang='lat' dir='ltr'><strong>dulce</strong></span> <span class='ocrx_word' id='word_1_89' title='bbox 1201 1806 1434 1872; x_wconf 88' lang='lat' dir='ltr'><strong>auditu</strong></span> <span class='ocrx_word' id='word_1_90' title='bbox 1453 1805 1506 1847; x_wconf 83' lang='lat'><strong>¹⁸</strong></span> <span class='ocrx_word' id='word_1_91' title='bbox 1567 1824 1815 1870; x_wconf 87' lang='lat' dir='ltr'><strong>nomen</strong></span> <span class='ocrx_word' id='word_1_92' title='bbox 1868 1806 2107 1871; x_wconf 87' lang='lat' dir='ltr'><strong>crebro</strong></span> <span class='ocrx_word' id='word_1_93' title='bbox 2160 1816 2580 1890; x_wconf 84' lang='lat' dir='ltr'><strong>usurpatum,</strong></span> <span class='ocrx_word' id='word_1_94' title='bbox 2628 1826 2791 1891; x_wconf 86' lang='lat' dir='ltr'><strong>spes</strong></span> 
     </span>
     <span class='ocr_line' id='line_1_15' title="bbox 581 1906 2790 1994; baseline -0.001 -20"><span class='ocrx_word' id='word_1_95' title='bbox 581 1910 772 1976; x_wconf 78' lang='lat' dir='ltr'><strong>facta</strong></span> <span class='ocrx_word' id='word_1_96' title='bbox 798 1928 890 1975; x_wconf 84' lang='lat' dir='ltr'><strong>ex</strong></span> <span class='ocrx_word' id='word_1_97' title='bbox 917 1910 1202 1994; x_wconf 85' lang='lat' dir='ltr'><strong>pecnnia</strong></span> <span class='ocrx_word' id='word_1_98' title='bbox 1233 1908 1416 1991; x_wconf 87' lang='lat' dir='ltr'><strong>regia</strong></span> <span class='ocrx_word' id='word_1_99' title='bbox 1441 1906 1833 1989; x_wconf 80' lang='lat' dir='ltr'><strong>largitionis,</strong></span> <span class='ocrx_word' id='word_1_100' title='bbox 1862 1906 2257 1990; x_wconf 82' lang='lat' dir='ltr'><strong>militiaeque</strong></span> <span class='ocrx_word' id='word_1_101' title='bbox 2298 1908 2643 1990; x_wconf 78' lang='lat' dir='ltr'><strong>fungendoe</strong></span> <span class='ocrx_word' id='word_1_102' title='bbox 2672 1926 2790 1991; x_wconf 83' lang='lat' dir='ltr'><strong>po-</strong></span> 
     </span>
     <span class='ocr_line' id='line_1_16' title="bbox 587 2006 2787 2091; baseline -0.001 -16"><span class='ocrx_word' id='word_1_103' title='bbox 587 2013 868 2077; x_wconf 87' lang='lat' dir='ltr'><strong>tioribus</strong></span> <span class='ocrx_word' id='word_1_104' title='bbox 892 2020 944 2063; x_wconf 85' lang='lat'><strong>¹⁹</strong></span> <span class='ocrx_word' id='word_1_105' title='bbox 987 2006 1323 2088; x_wconf 77' lang='lat' dir='ltr'><strong>ducibus,¹’</strong></span> <span class='ocrx_word' id='word_1_106' title='bbox 1361 2015 1432 2072; x_wconf 87' lang='lat' dir='ltr'><strong>et</strong></span> <span class='ocrx_word' id='word_1_107' title='bbox 1459 2009 1677 2072; x_wconf 88' lang='lat' dir='ltr'><strong>relata</strong></span> <span class='ocrx_word' id='word_1_108' title='bbox 1706 2008 1967 2091; x_wconf 84' lang='lat' dir='ltr'><strong>tyranni</strong></span> <span class='ocrx_word' id='word_1_109' title='bbox 2008 2008 2193 2073; x_wconf 85' lang='lat' dir='ltr'><strong>soeda</strong></span> <span class='ocrx_word' id='word_1_110' title='bbox 2243 2008 2507 2074; x_wconf 86' lang='lat' dir='ltr'><strong>scelera</strong></span> <span class='ocrx_word' id='word_1_111' title='bbox 2544 2008 2787 2075; x_wconf 85' lang='lat' dir='ltr'><strong>foedio-</strong></span> 
     </span>
     <span class='ocr_line' id='line_1_17' title="bbox 581 2109 2789 2195; baseline -0 -18"><span class='ocrx_word' id='word_1_112' title='bbox 581 2132 832 2195; x_wconf 86' lang='lat' dir='ltr'><strong>resque</strong></span> <span class='ocrx_word' id='word_1_113' title='bbox 863 2112 1182 2177; x_wconf 86' lang='lat' dir='ltr'><strong>libidines</strong></span> <span class='ocrx_word' id='word_1_114' title='bbox 1227 2110 1398 2176; x_wconf 89' lang='lat' dir='ltr'><strong>adeo</strong></span> <span class='ocrx_word' id='word_1_115' title='bbox 1447 2116 1783 2175; x_wconf 82' lang='lat' dir='ltr'><strong>mutavere</strong></span> <span class='ocrx_word' id='word_1_116' title='bbox 1812 2109 2096 2187; x_wconf 87' lang='lat' dir='ltr'><strong>animos,</strong></span> <span class='ocrx_word' id='word_1_117' title='bbox 2125 2117 2203 2174; x_wconf 89' lang='lat' dir='ltr'><strong>ut</strong></span> <span class='ocrx_word' id='word_1_118' title='bbox 2230 2110 2639 2195; x_wconf 86' lang='lat' dir='ltr'><strong>insepultum</strong></span> <span class='ocrx_word' id='word_1_119' title='bbox 2683 2111 2789 2195; x_wconf 86' lang='lat' dir='ltr'><strong>ja-</strong></span> 
     </span>
     <span class='ocr_line' id='line_1_18' title="bbox 585 2210 2787 2300; baseline -0.001 -21"><span class='ocrx_word' id='word_1_120' title='bbox 585 2234 738 2279; x_wconf 84' lang='lat' dir='ltr'><strong>cere</strong></span> <span class='ocrx_word' id='word_1_121' title='bbox 787 2233 1036 2300; x_wconf 89' lang='lat' dir='ltr'><strong>corpus</strong></span> <span class='ocrx_word' id='word_1_122' title='bbox 1065 2213 1267 2297; x_wconf 83' lang='lat' dir='ltr'><strong>paulo</strong></span> <span class='ocrx_word' id='word_1_123' title='bbox 1299 2220 1452 2279; x_wconf 86' lang='lat' dir='ltr'><strong>ante</strong></span> <span class='ocrx_word' id='word_1_124' title='bbox 1483 2210 1851 2277; x_wconf 87' lang='lat' dir='ltr'><strong>desiderati</strong></span> <span class='ocrx_word' id='word_1_125' title='bbox 1895 2213 2073 2295; x_wconf 78' lang='lat' dir='ltr'><strong>regis</strong></span> <span class='ocrx_word' id='word_1_126' title='bbox 2115 2218 2525 2297; x_wconf 87' lang='lat' dir='ltr'><strong>paterentur.</strong></span> <span class='ocrx_word' id='word_1_127' title='bbox 2615 2213 2787 2278; x_wconf 88' lang='lat' dir='ltr'><strong>Cum</strong></span> 
     </span>
     <span class='ocr_line' id='line_1_19' title="bbox 583 2312 2791 2399; baseline -0.001 -18"><span class='ocrx_word' id='word_1_128' title='bbox 583 2316 782 2381; x_wconf 86' lang='lat' dir='ltr'><strong>ceteri</strong></span> <span class='ocrx_word' id='word_1_129' title='bbox 813 2336 906 2381; x_wconf 82' lang='lat' dir='ltr'><strong>ex</strong></span> <span class='ocrx_word' id='word_1_130' title='bbox 935 2312 1294 2399; x_wconf 87' lang='lat' dir='ltr'><strong>conjuratis</strong></span> <span class='ocrx_word' id='word_1_131' title='bbox 1319 2315 1408 2380; x_wconf 87' lang='lat' dir='ltr'><strong>ad</strong></span> <span class='ocrx_word' id='word_1_132' title='bbox 1431 2314 1804 2379; x_wconf 88' lang='lat' dir='ltr'><strong>exercitum</strong></span> <span class='ocrx_word' id='word_1_133' title='bbox 1836 2313 2263 2379; x_wconf 87' lang='lat' dir='ltr'><strong>obtinendum</strong></span> <span class='ocrx_word' id='word_1_134' title='bbox 2290 2314 2791 2392; x_wconf 83' lang='lat' dir='ltr'><strong>remansissent,</strong></span> 
     </span>
     <span class='ocr_line' id='line_1_20' title="bbox 581 2415 2787 2500; baseline 0 -19"><span class='ocrx_word' id='word_1_135' title='bbox 581 2415 976 2481; x_wconf 85' lang='lat' dir='ltr'><strong>Theodotus</strong></span> <span class='ocrx_word' id='word_1_136' title='bbox 996 2422 1056 2458; x_wconf 80' lang='lat'><strong>⁸0</strong></span> <span class='ocrx_word' id='word_1_137' title='bbox 1099 2422 1168 2481; x_wconf 88' lang='lat' dir='ltr'><strong>et</strong></span> <span class='ocrx_word' id='word_1_138' title='bbox 1208 2416 1402 2481; x_wconf 89' lang='lat' dir='ltr'><strong>Sosis</strong></span> <span class='ocrx_word' id='word_1_139' title='bbox 1453 2415 1655 2497; x_wconf 82' lang='lat' dir='ltr'><strong>regiis</strong></span> <span class='ocrx_word' id='word_1_140' title='bbox 1700 2415 1920 2499; x_wconf 87' lang='lat' dir='ltr'><strong>equis,</strong></span> <span class='ocrx_word' id='word_1_141' title='bbox 1950 2422 2207 2500; x_wconf 89' lang='lat' dir='ltr'><strong>quanto</strong></span> <span class='ocrx_word' id='word_1_142' title='bbox 2252 2416 2555 2481; x_wconf 82' lang='lat' dir='ltr'><strong>maximo</strong></span> <span class='ocrx_word' id='word_1_143' title='bbox 2589 2436 2787 2482; x_wconf 85' lang='lat' dir='ltr'><strong>cursu</strong></span> 
     </span>
     <span class='ocr_line' id='line_1_21' title="bbox 583 2516 2786 2602; baseline -0 -20"><span class='ocrx_word' id='word_1_144' title='bbox 583 2525 924 2602; x_wconf 88' lang='lat' dir='ltr'><strong>poterant,</strong></span> <span class='ocrx_word' id='word_1_145' title='bbox 948 2525 1026 2583; x_wconf 89' lang='lat' dir='ltr'><strong>nt</strong></span> <span class='ocrx_word' id='word_1_146' title='bbox 1053 2520 1319 2601; x_wconf 82' lang='lat' dir='ltr'><strong>ignaros</strong></span> <span class='ocrx_word' id='word_1_147' title='bbox 1349 2516 1643 2580; x_wconf 87' lang='lat' dir='ltr'><strong>omnium</strong></span> <span class='ocrx_word' id='word_1_148' title='bbox 1671 2516 1891 2598; x_wconf 83' lang='lat' dir='ltr'><strong>regios</strong></span> <span class='ocrx_word' id='word_1_149' title='bbox 1920 2516 2391 2599; x_wconf 85' lang='lat' dir='ltr'><strong>opprimerent,</strong></span> <span class='ocrx_word' id='word_1_150' title='bbox 2408 2517 2786 2601; x_wconf 86' lang='lat' dir='ltr'><strong>Syracusas</strong></span> 
     </span>
     <span class='ocr_line' id='line_1_22' title="bbox 583 2617 2788 2701; baseline 0 -18"><span class='ocrx_word' id='word_1_151' title='bbox 583 2618 1036 2685; x_wconf 63' lang='lat' dir='ltr'><strong>contendunt?</strong></span> <span class='ocrx_word' id='word_1_152' title='bbox 1122 2618 1434 2685; x_wconf 87' lang='lat' dir='ltr'><strong>Ceterum</strong></span> <span class='ocrx_word' id='word_1_153' title='bbox 1483 2625 1905 2701; x_wconf 78' lang='lat' dir='ltr'><strong>praevenerat</strong></span> <span class='ocrx_word' id='word_1_154' title='bbox 1948 2637 2079 2683; x_wconf 89' lang='lat' dir='ltr'><strong>non</strong></span> <span class='ocrx_word' id='word_1_155' title='bbox 2131 2617 2312 2683; x_wconf 84' lang='lat' dir='ltr'><strong>sama</strong></span> <span class='ocrx_word' id='word_1_156' title='bbox 2344 2618 2590 2695; x_wconf 87' lang='lat' dir='ltr'><strong>solum,</strong></span> <span class='ocrx_word' id='word_1_157' title='bbox 2620 2620 2788 2701; x_wconf 87' lang='lat' dir='ltr'><strong>(qua</strong></span> 
     </span>
    </p>
   </div>
   <div class='ocr_carea' id='block_1_3' title="bbox 1500 2778 1872 2801">
    <p class='ocr_par' dir='ltr' id='par_1_4' title="bbox 1500 2778 1872 2801">
     <span class='ocr_line' id='line_1_23' title="bbox 1500 2778 1872 2801; baseline 0.005 -2"><span class='ocrx_word' id='word_1_158' title='bbox 1500 2778 1872 2801; x_wconf 58' lang='lat' dir='ltr'><strong>OOOOOOOOOOO</strong></span> 
     </span>
    </p>
   </div>
   <div class='ocr_carea' id='block_1_4' title="bbox 582 2860 2789 3313">
    <p class='ocr_par' dir='ltr' id='par_1_5' title="bbox 582 2860 2789 3313">
     <span class='ocr_line' id='line_1_24' title="bbox 649 2860 2784 2928; baseline -0.001 -13"><span class='ocrx_word' id='word_1_159' title='bbox 649 2868 712 2915; x_wconf 81' lang='lat' dir='ltr'><strong>ts</strong></span> <span class='ocrx_word' id='word_1_160' title='bbox 745 2864 982 2915; x_wconf 69' lang='lat' dir='ltr'><strong>Anatim</strong></span> <span class='ocrx_word' id='word_1_161' title='bbox 1015 2866 1151 2915; x_wconf 82' lang='lat' dir='ltr'><strong>Edd.</strong></span> <span class='ocrx_word' id='word_1_162' title='bbox 1191 2873 1312 2915; x_wconf 86' lang='lat' dir='ltr'><strong>ante</strong></span> <span class='ocrx_word' id='word_1_163' title='bbox 1343 2864 1711 2916; x_wconf 60' lang='lat' dir='ltr'><strong>Granum—19</strong></span> <span class='ocrx_word' id='word_1_164' title='bbox 1744 2863 1760 2892; x_wconf 77' lang='lat'><em>⁶</em></span> <span class='ocrx_word' id='word_1_165' title='bbox 1786 2860 2003 2914; x_wconf 77' lang='lat' dir='ltr'><strong>Potior-is</strong></span> <span class='ocrx_word' id='word_1_166' title='bbox 2025 2862 2300 2913; x_wconf 79' lang='lat' dir='ltr'><strong>Drakenb.</strong></span> <span class='ocrx_word' id='word_1_167' title='bbox 2320 2863 2501 2928; x_wconf 84' lang='lat' dir='ltr'><strong>(quem</strong></span> <span class='ocrx_word' id='word_1_168' title='bbox 2528 2873 2673 2913; x_wconf 87' lang='lat' dir='ltr'><strong>recte</strong></span> <span class='ocrx_word' id='word_1_169' title='bbox 2695 2863 2784 2913; x_wconf 85' lang='lat' dir='ltr'><strong>de·</strong></span> 
     </span>
     <span class='ocr_line' id='line_1_25' title="bbox 582 2926 2786 2994; baseline 0 -15"><span class='ocrx_word' id='word_1_170' title='bbox 582 2930 748 2981; x_wconf 82' lang='lat' dir='ltr'><strong>seruit</strong></span> <span class='ocrx_word' id='word_1_171' title='bbox 768 2930 818 2979; x_wconf 83' lang='grc' dir='ltr'><strong>Ιι.</strong></span> <span class='ocrx_word' id='word_1_172' title='bbox 839 2932 874 2979; x_wconf 90' lang='grc' dir='ltr'><strong>Ι.</strong></span> <span class='ocrx_word' id='word_1_173' title='bbox 898 2931 979 2980; x_wconf 82' lang='lat' dir='ltr'><strong>ct.</strong></span> <span class='ocrx_word' id='word_1_174' title='bbox 1001 2929 1260 2993; x_wconf 80' lang='lat' dir='ltr'><strong>Ernesti.)</strong></span> <span class='ocrx_word' id='word_1_175' title='bbox 1282 2943 1347 2979; x_wconf 80' lang='lat' dir='ltr'><strong>ex</strong></span> <span class='ocrx_word' id='word_1_176' title='bbox 1373 2931 1683 2992; x_wconf 86' lang='lat' dir='ltr'><strong>conjectura</strong></span> <span class='ocrx_word' id='word_1_177' title='bbox 1698 2928 1949 2980; x_wconf 80' lang='lat' dir='ltr'><strong>Gronovii</strong></span> <span class='ocrx_word' id='word_1_178' title='bbox 1974 2930 2125 2994; x_wconf 82' lang='lat' dir='ltr'><strong>plane</strong></span> <span class='ocrx_word' id='word_1_179' title='bbox 2148 2926 2429 2993; x_wconf 81' lang='lat' dir='ltr'><strong>superflua.</strong></span> <span class='ocrx_word' id='word_1_180' title='bbox 2450 2930 2606 2980; x_wconf 82' lang='lat' dir='ltr'><strong>immo</strong></span> <span class='ocrx_word' id='word_1_181' title='bbox 2628 2929 2786 2979; x_wconf 83' lang='lat' dir='ltr'><strong>etiam</strong></span> 
     </span>
     <span class='ocr_line' id='line_1_26' title="bbox 583 2992 2787 3057; baseline 0 -15"><span class='ocrx_word' id='word_1_182' title='bbox 583 2994 920 3043; x_wconf 84' lang='lat' dir='ltr'><strong>incommoda.</strong></span> <span class='ocrx_word' id='word_1_183' title='bbox 987 2994 1104 3043; x_wconf 84' lang='lat' dir='ltr'><strong>Non</strong></span> <span class='ocrx_word' id='word_1_184' title='bbox 1129 2995 1264 3042; x_wconf 72' lang='lat' dir='ltr'><strong>enirn</strong></span> <span class='ocrx_word' id='word_1_185' title='bbox 1289 2996 1354 3042; x_wconf 87' lang='lat' dir='ltr'><strong>de</strong></span> <span class='ocrx_word' id='word_1_186' title='bbox 1377 2994 1619 3054; x_wconf 83' lang='lat' dir='ltr'><strong>ducibus,</strong></span> <span class='ocrx_word' id='word_1_187' title='bbox 1636 2992 1727 3041; x_wconf 85' lang='lat' dir='ltr'><strong>sed</strong></span> <span class='ocrx_word' id='word_1_188' title='bbox 1750 2993 1817 3043; x_wconf 88' lang='lat' dir='ltr'><strong>de</strong></span> <span class='ocrx_word' id='word_1_189' title='bbox 1840 2994 2076 3043; x_wconf 83' lang='lat' dir='ltr'><strong>omnibns</strong></span> <span class='ocrx_word' id='word_1_190' title='bbox 2100 3008 2270 3042; x_wconf 85' lang='lat' dir='ltr'><strong>sermo</strong></span> <span class='ocrx_word' id='word_1_191' title='bbox 2294 3000 2393 3056; x_wconf 77' lang='lat' dir='ltr'><strong>est,</strong></span> <span class='ocrx_word' id='word_1_192' title='bbox 2415 3007 2513 3042; x_wconf 85' lang='lat' dir='ltr'><strong>nee</strong></span> <span class='ocrx_word' id='word_1_193' title='bbox 2539 3002 2645 3043; x_wconf 85' lang='lat' dir='ltr'><strong>tam</strong></span> <span class='ocrx_word' id='word_1_194' title='bbox 2670 3007 2787 3057; x_wconf 77' lang='lat' dir='ltr'><strong>per-</strong></span> 
     </span>
     <span class='ocr_line' id='line_1_27' title="bbox 583 3056 2787 3121; baseline 0.001 -16"><span class='ocrx_word' id='word_1_195' title='bbox 583 3057 818 3121; x_wconf 80' lang='lat' dir='ltr'><strong>spicuum</strong></span> <span class='ocrx_word' id='word_1_196' title='bbox 855 3064 952 3113; x_wconf 88' lang='lat' dir='ltr'><strong>est,</strong></span> <span class='ocrx_word' id='word_1_197' title='bbox 993 3058 1250 3121; x_wconf 73' lang='lat' dir='ltr'><strong>qinomodo</strong></span> <span class='ocrx_word' id='word_1_198' title='bbox 1289 3056 1527 3116; x_wconf 81' lang='lat' dir='ltr'><strong>ducibus,</strong></span> <span class='ocrx_word' id='word_1_199' title='bbox 1565 3056 1767 3106; x_wconf 85' lang='lat' dir='ltr'><strong>sublato</strong></span> <span class='ocrx_word' id='word_1_200' title='bbox 1808 3056 2147 3120; x_wconf 81' lang='lat' dir='ltr'><strong>Hieronymo,</strong></span> <span class='ocrx_word' id='word_1_201' title='bbox 2182 3058 2367 3107; x_wconf 86' lang='lat' dir='ltr'><strong>militia</strong></span> <span class='ocrx_word' id='word_1_202' title='bbox 2399 3058 2573 3119; x_wconf 82' lang='lat' dir='ltr'><strong>potior</strong></span> <span class='ocrx_word' id='word_1_203' title='bbox 2602 3057 2787 3117; x_wconf 84' lang='lat' dir='ltr'><strong>fuerit,</strong></span> 
     </span>
     <span class='ocr_line' id='line_1_28' title="bbox 585 3119 2787 3185; baseline 0.001 -16"><span class='ocrx_word' id='word_1_204' title='bbox 585 3133 740 3185; x_wconf 77' lang='lat' dir='ltr'><strong>quarn</strong></span> <span class='ocrx_word' id='word_1_205' title='bbox 763 3121 1011 3170; x_wconf 80' lang='lat' dir='ltr'><strong>militibus</strong></span> <span class='ocrx_word' id='word_1_206' title='bbox 1035 3135 1273 3185; x_wconf 69' lang='lat' dir='ltr'><strong>magnum</strong></span> <span class='ocrx_word' id='word_1_207' title='bbox 1299 3119 1460 3170; x_wconf 82' lang='lat' dir='ltr'><strong>fuisse</strong></span> <span class='ocrx_word' id='word_1_208' title='bbox 1481 3120 1761 3169; x_wconf 76' lang='lat' dir='ltr'><strong>discrimen</strong></span> <span class='ocrx_word' id='word_1_209' title='bbox 1796 3121 1998 3169; x_wconf 74' lang='lat' dir='ltr'><strong>militiae</strong></span> <span class='ocrx_word' id='word_1_210' title='bbox 2032 3119 2330 3183; x_wconf 67' lang='lat' dir='ltr'><strong>fungenda,</strong></span> <span class='ocrx_word' id='word_1_211' title='bbox 2354 3123 2437 3170; x_wconf 80' lang='lat' dir='ltr'><strong>vel</strong></span> <span class='ocrx_word' id='word_1_212' title='bbox 2461 3130 2677 3185; x_wconf 79' lang='lat' dir='ltr'><strong>tyranno</strong></span> <span class='ocrx_word' id='word_1_213' title='bbox 2710 3122 2787 3185; x_wconf 78' lang='lat' dir='ltr'><strong>ig·</strong></span> 
     </span>
     <span class='ocr_line' id='line_1_29' title="bbox 584 3183 2789 3249; baseline 0 -17"><span class='ocrx_word' id='word_1_214' title='bbox 584 3200 718 3236; x_wconf 81' lang='lat' dir='ltr'><strong>navo</strong></span> <span class='ocrx_word' id='word_1_215' title='bbox 741 3192 798 3235; x_wconf 89' lang='lat' dir='ltr'><strong>et</strong></span> <span class='ocrx_word' id='word_1_216' title='bbox 819 3185 1041 3248; x_wconf 83' lang='lat' dir='ltr'><strong>pessimo</strong></span> <span class='ocrx_word' id='word_1_217' title='bbox 1062 3188 1212 3243; x_wconf 83' lang='lat' dir='ltr'><strong>duce,</strong></span> <span class='ocrx_word' id='word_1_218' title='bbox 1234 3186 1318 3235; x_wconf 75' lang='lat' dir='ltr'><strong>vel</strong></span> <span class='ocrx_word' id='word_1_219' title='bbox 1347 3184 1613 3248; x_wconf 72' lang='lat' dir='ltr'><strong>potior-ibas</strong></span> <span class='ocrx_word' id='word_1_220' title='bbox 1633 3183 1831 3233; x_wconf 74' lang='lat' dir='ltr'><strong>dacibus</strong></span> <span class='ocrx_word' id='word_1_221' title='bbox 1865 3185 1915 3233; x_wconf 88' lang='lat' dir='ltr'><strong>in</strong></span> <span class='ocrx_word' id='word_1_222' title='bbox 1940 3184 2207 3247; x_wconf 71' lang='lat' dir='ltr'><strong>republica</strong></span> <span class='ocrx_word' id='word_1_223' title='bbox 2246 3186 2423 3234; x_wconf 86' lang='lat' dir='ltr'><strong>libera.</strong></span> <span class='ocrx_word' id='word_1_224' title='bbox 2491 3185 2789 3249; x_wconf 83' lang='lat' dir='ltr'><strong>Corruptis-</strong></span> 
     </span>
     <span class='ocr_line' id='line_1_30' title="bbox 584 3248 2789 3313; baseline 0.001 -16"><span class='ocrx_word' id='word_1_225' title='bbox 584 3250 712 3298; x_wconf 85' lang='lat' dir='ltr'><strong>sime</strong></span> <span class='ocrx_word' id='word_1_226' title='bbox 736 3258 912 3299; x_wconf 86' lang='lat' dir='ltr'><strong>antem</strong></span> <span class='ocrx_word' id='word_1_227' title='bbox 938 3249 988 3299; x_wconf 87' lang='lat' dir='ltr'><strong>in</strong></span> <span class='ocrx_word' id='word_1_228' title='bbox 1012 3250 1144 3299; x_wconf 83' lang='lat' dir='ltr'><strong>Edd.</strong></span> <span class='ocrx_word' id='word_1_229' title='bbox 1167 3255 1289 3299; x_wconf 86' lang='lat' dir='ltr'><strong>ante</strong></span> <span class='ocrx_word' id='word_1_230' title='bbox 1311 3248 1542 3300; x_wconf 80' lang='lat' dir='ltr'><strong>Gronov.</strong></span> <span class='ocrx_word' id='word_1_231' title='bbox 1565 3250 1869 3313; x_wconf 70' lang='lat' dir='ltr'><strong>legebatur:</strong></span> <span class='ocrx_word' id='word_1_232' title='bbox 1909 3262 1992 3313; x_wconf 76' lang='lat' dir='ltr'><strong>spe</strong></span> <span class='ocrx_word' id='word_1_233' title='bbox 2008 3248 2153 3307; x_wconf 78' lang='lat' dir='ltr'><strong>saeta</strong></span> <span class='ocrx_word' id='word_1_234' title='bbox 2172 3264 2237 3299; x_wconf 75' lang='lat' dir='ltr'><strong>es:</strong></span> <span class='ocrx_word' id='word_1_235' title='bbox 2264 3264 2314 3312; x_wconf 78' lang='lat' dir='ltr'><strong>p.</strong></span> <span class='ocrx_word' id='word_1_236' title='bbox 2336 3264 2381 3297; x_wconf 78' lang='lat' dir='ltr'><strong>r.</strong></span> <span class='ocrx_word' id='word_1_237' title='bbox 2403 3250 2437 3299; x_wconf 83' lang='lat' dir='ltr'><strong>l.</strong></span> <span class='ocrx_word' id='word_1_238' title='bbox 2456 3250 2625 3310; x_wconf 66' lang='lat' dir='ltr'><strong>militi,</strong></span> <span class='ocrx_word' id='word_1_239' title='bbox 2646 3256 2789 3313; x_wconf 71' lang='lat' dir='ltr'><strong>aeque</strong></span> 
     </span>
    </p>
   </div>
   <div class='ocr_carea' id='block_1_5' title="bbox 570 3310 2787 3377">
    <p class='ocr_par' dir='ltr' id='par_1_6' title="bbox 570 3310 2787 3377">
     <span class='ocr_line' id='line_1_31' title="bbox 570 3310 2787 3377; baseline 0 -14"><span class='ocrx_word' id='word_1_240' title='bbox 570 3312 812 3377; x_wconf 68' lang='lat' dir='ltr'><strong>sangarii</strong></span> <span class='ocrx_word' id='word_1_241' title='bbox 837 3314 1100 3377; x_wconf 72' lang='lat' dir='ltr'><strong>potioribus</strong></span> <span class='ocrx_word' id='word_1_242' title='bbox 1133 3312 1365 3365; x_wconf 56' lang='lat' dir='ltr'><strong>dacibus?</strong></span> <span class='ocrx_word' id='word_1_243' title='bbox 1415 3314 1616 3365; x_wconf 82' lang='lat' dir='ltr'><strong>Stroth.</strong></span> <span class='ocrx_word' id='word_1_244' title='bbox 1696 3311 1820 3362; x_wconf 76' lang='lat' dir='ltr'><strong>vid.</strong></span> <span class='ocrx_word' id='word_1_245' title='bbox 1854 3312 1983 3363; x_wconf 78' lang='lat' dir='ltr'><strong>Not.</strong></span> <span class='ocrx_word' id='word_1_246' title='bbox 2024 3310 2309 3365; x_wconf 50' lang='lat' dir='ltr'><strong>infra—2⁰</strong></span> <span class='ocrx_word' id='word_1_247' title='bbox 2346 3312 2615 3364; x_wconf 66' lang='lat' dir='ltr'><strong>Morus</strong></span> <span class='ocrx_word' id='word_1_248' title='bbox 2650 3314 2787 3363; x_wconf 73' lang='grc' dir='ltr'><strong>ΕΜ.</strong></span> 
     </span>
    </p>
   </div>
   <div class='ocr_carea' id='block_1_6' title="bbox 1579 3440 1795 3493">
    <p class='ocr_par' dir='ltr' id='par_1_7' title="bbox 1579 3440 1795 3493">
     <span class='ocr_line' id='line_1_32' title="bbox 1579 3440 1795 3493; baseline -0.014 0"><span class='ocrx_word' id='word_1_249' title='bbox 1579 3440 1795 3493; x_wconf 70' lang='grc' dir='ltr'><strong>ΝΟΤΕ</strong></span> 
     </span>
    </p>
   </div>
   <div class='ocr_carea' id='block_1_7' title="bbox 566 3551 2794 4381">
    <p class='ocr_par' dir='ltr' id='par_1_8' title="bbox 566 3551 2794 4381">
     <span class='ocr_line' id='line_1_33' title="bbox 645 3551 2794 3621; baseline -0 -14"><span class='ocrx_word' id='word_1_250' title='bbox 645 3556 670 3591; x_wconf 80' lang='lat'><strong>¹·</strong></span> <span class='ocrx_word' id='word_1_251' title='bbox 709 3557 1278 3621; x_wconf 71' lang='lat' dir='ltr'><strong>Militiaeqaesssgendae</strong></span> <span class='ocrx_word' id='word_1_252' title='bbox 1313 3554 1649 3619; x_wconf 66' lang='lat' dir='ltr'><strong>[nimiaeque</strong></span> <span class='ocrx_word' id='word_1_253' title='bbox 1730 3568 1825 3605; x_wconf 77' lang='lat' dir='ltr'><strong>ans</strong></span> <span class='ocrx_word' id='word_1_254' title='bbox 1860 3551 2065 3606; x_wconf 70' lang='lat' dir='ltr'><strong>fuisset.</strong></span> <span class='ocrx_word' id='word_1_255' title='bbox 2126 3556 2216 3606; x_wconf 81' lang='lat' dir='ltr'><strong>Sic</strong></span> <span class='ocrx_word' id='word_1_256' title='bbox 2254 3564 2402 3607; x_wconf 86' lang='lat' dir='ltr'><strong>certe</strong></span> <span class='ocrx_word' id='word_1_257' title='bbox 2436 3552 2794 3620; x_wconf 70' lang='lat' dir='ltr'><strong>jurisconsulti</strong></span> 
     </span>
     <span class='ocr_line' id='line_1_34' title="bbox 566 3628 2791 3697; baseline -0 -14"><span class='ocrx_word' id='word_1_258' title='bbox 566 3631 835 3696; x_wconf 63' lang='lat' dir='ltr'><strong>sugendi]</strong></span> <span class='ocrx_word' id='word_1_259' title='bbox 863 3633 1126 3697; x_wconf 69' lang='lat' dir='ltr'><strong>potioribus</strong></span> <span class='ocrx_word' id='word_1_260' title='bbox 1155 3632 1376 3696; x_wconf 58' lang='lat' dir='ltr'><strong>duabus]</strong></span> <span class='ocrx_word' id='word_1_261' title='bbox 1407 3630 1651 3696; x_wconf 75' lang='lat' dir='ltr'><strong>vulgaris</strong></span> <span class='ocrx_word' id='word_1_262' title='bbox 1731 3630 1906 3681; x_wconf 85' lang='lat' dir='ltr'><strong>dotem</strong></span> <span class='ocrx_word' id='word_1_263' title='bbox 1936 3628 2104 3695; x_wconf 74' lang='lat' dir='ltr'><strong>fungi,</strong></span> <span class='ocrx_word' id='word_1_264' title='bbox 2125 3638 2177 3683; x_wconf 85' lang='lat' dir='ltr'><strong>et</strong></span> <span class='ocrx_word' id='word_1_265' title='bbox 2214 3630 2443 3681; x_wconf 83' lang='lat' dir='ltr'><strong>functam</strong></span> <span class='ocrx_word' id='word_1_266' title='bbox 2474 3646 2589 3681; x_wconf 85' lang='lat' dir='ltr'><strong>esse</strong></span> <span class='ocrx_word' id='word_1_267' title='bbox 2610 3631 2791 3682; x_wconf 84' lang='lat' dir='ltr'><strong>dicunt</strong></span> 
     </span>
     <span class='ocr_line' id='line_1_35' title="bbox 581 3706 2791 3773; baseline -0 -15"><span class='ocrx_word' id='word_1_268' title='bbox 581 3711 692 3759; x_wconf 74' lang='lat' dir='ltr'><strong>baec</strong></span> <span class='ocrx_word' id='word_1_269' title='bbox 737 3709 894 3759; x_wconf 84' lang='lat' dir='ltr'><strong>lectio</strong></span> <span class='ocrx_word' id='word_1_270' title='bbox 927 3717 1041 3759; x_wconf 88' lang='lat' dir='ltr'><strong>est:</strong></span> <span class='ocrx_word' id='word_1_271' title='bbox 1076 3710 1296 3759; x_wconf 73' lang='lat' dir='ltr'><strong>nutavit</strong></span> <span class='ocrx_word' id='word_1_272' title='bbox 1326 3708 1560 3760; x_wconf 80' lang='lat' dir='ltr'><strong>Gronov.</strong></span> <span class='ocrx_word' id='word_1_273' title='bbox 1598 3708 1651 3755; x_wconf 85' lang='lat' dir='ltr'><strong>in</strong></span> <span class='ocrx_word' id='word_1_274' title='bbox 1732 3706 1988 3765; x_wconf 84' lang='lat' dir='ltr'><strong>absolute,</strong></span> <span class='ocrx_word' id='word_1_275' title='bbox 2016 3706 2083 3757; x_wconf 90' lang='lat' dir='ltr'><strong>de</strong></span> <span class='ocrx_word' id='word_1_276' title='bbox 2104 3721 2168 3757; x_wconf 85' lang='lat' dir='ltr'><strong>ea</strong></span> <span class='ocrx_word' id='word_1_277' title='bbox 2190 3722 2305 3773; x_wconf 62' lang='lat' dir='ltr'><strong>qnae</strong></span> <span class='ocrx_word' id='word_1_278' title='bbox 2334 3708 2385 3757; x_wconf 90' lang='lat' dir='ltr'><strong>in</strong></span> <span class='ocrx_word' id='word_1_279' title='bbox 2408 3707 2791 3757; x_wconf 74' lang='lat' dir='ltr'><strong>matrimonium</strong></span> 
     </span>
     <span class='ocr_line' id='line_1_36' title="bbox 581 3784 1973 3849; baseline -0.002 -14"><span class='ocrx_word' id='word_1_280' title='bbox 581 3786 858 3849; x_wconf 65' lang='lat' dir='ltr'><strong>militiaque</strong></span> <span class='ocrx_word' id='word_1_281' title='bbox 885 3784 1154 3847; x_wconf 66' lang='lat' dir='ltr'><strong>fungenda</strong></span> <span class='ocrx_word' id='word_1_282' title='bbox 1189 3786 1390 3848; x_wconf 73' lang='lat' dir='ltr'><strong>potioris</strong></span> <span class='ocrx_word' id='word_1_283' title='bbox 1423 3784 1649 3833; x_wconf 74' lang='lat' dir='ltr'><strong>dacibus.-</strong></span> <span class='ocrx_word' id='word_1_284' title='bbox 1732 3784 1856 3833; x_wconf 87' lang='lat' dir='ltr'><strong>data</strong></span> <span class='ocrx_word' id='word_1_285' title='bbox 1876 3792 1973 3833; x_wconf 81' lang='lat' dir='ltr'><strong>est.</strong></span> 
     </span>
     <span class='ocr_line' id='line_1_37' title="bbox 583 3858 2791 3926; baseline 0 -17"><span class='ocrx_word' id='word_1_286' title='bbox 583 3866 639 3910; x_wconf 90' lang='lat' dir='ltr'><strong>nt</strong></span> <span class='ocrx_word' id='word_1_287' title='bbox 666 3861 796 3910; x_wconf 80' lang='lat' dir='ltr'><strong>velle</strong></span> <span class='ocrx_word' id='word_1_288' title='bbox 833 3858 1072 3910; x_wconf 80' lang='lat' dir='ltr'><strong>videatur</strong></span> <span class='ocrx_word' id='word_1_289' title='bbox 1107 3875 1252 3923; x_wconf 79' lang='lat' dir='ltr'><strong>spem</strong></span> <span class='ocrx_word' id='word_1_290' title='bbox 1287 3860 1508 3910; x_wconf 85' lang='lat' dir='ltr'><strong>ducibus</strong></span> <span class='ocrx_word' id='word_1_291' title='bbox 1541 3860 1649 3909; x_wconf 77' lang='lat' dir='ltr'><strong>fae·</strong></span> <span class='ocrx_word' id='word_1_292' title='bbox 1792 3868 1816 3895; x_wconf 61' lang='grc' dir='ltr'><strong>Φ</strong></span> <span class='ocrx_word' id='word_1_293' title='bbox 1847 3860 2112 3924; x_wconf 72' lang='lat' dir='ltr'><strong>Syracusas</strong></span> <span class='ocrx_word' id='word_1_294' title='bbox 2149 3860 2459 3926; x_wconf 71' lang='lat' dir='ltr'><strong>contendunt]</strong></span> <span class='ocrx_word' id='word_1_295' title='bbox 2494 3860 2613 3912; x_wconf 82' lang='lat' dir='ltr'><strong>Jarn</strong></span> <span class='ocrx_word' id='word_1_296' title='bbox 2657 3858 2791 3911; x_wconf 82' lang='lat' dir='ltr'><strong>dixi·</strong></span> 
     </span>
     <span class='ocr_line' id='line_1_38' title="bbox 582 3933 2794 4000; baseline -0 -15"><span class='ocrx_word' id='word_1_297' title='bbox 582 3941 690 3986; x_wconf 85' lang='lat' dir='ltr'><strong>tam</strong></span> <span class='ocrx_word' id='word_1_298' title='bbox 747 3935 968 3999; x_wconf 83' lang='lat' dir='ltr'><strong>potioris</strong></span> <span class='ocrx_word' id='word_1_299' title='bbox 1021 3935 1243 3987; x_wconf 67' lang='lat' dir='ltr'><strong>militie.</strong></span> <span class='ocrx_word' id='word_1_300' title='bbox 1312 3937 1466 3988; x_wconf 77' lang='lat' dir='ltr'><strong>Quod</strong></span> <span class='ocrx_word' id='word_1_301' title='bbox 1521 3935 1649 3986; x_wconf 80' lang='lat' dir='ltr'><strong>ferri</strong></span> <span class='ocrx_word' id='word_1_302' title='bbox 1730 3950 1844 3986; x_wconf 76' lang='lat' dir='ltr'><strong>tntis</strong></span> <span class='ocrx_word' id='word_1_303' title='bbox 1878 3938 2031 4000; x_wconf 78' lang='lat' dir='ltr'><strong>paulo</strong></span> <span class='ocrx_word' id='word_1_304' title='bbox 2067 3947 2189 3987; x_wconf 84' lang='lat' dir='ltr'><strong>ante</strong></span> <span class='ocrx_word' id='word_1_305' title='bbox 2226 3937 2510 3999; x_wconf 72' lang='lat' dir='ltr'><strong>Syracusas</strong></span> <span class='ocrx_word' id='word_1_306' title='bbox 2542 3933 2794 3985; x_wconf 87' lang='lat' dir='ltr'><strong>nobilissi-</strong></span> 
     </span>
     <span class='ocr_line' id='line_1_39' title="bbox 580 4009 2791 4075; baseline 0 -14"><span class='ocrx_word' id='word_1_307' title='bbox 580 4018 779 4075; x_wconf 79' lang='lat' dir='ltr'><strong>potest.</strong></span> <span class='ocrx_word' id='word_1_308' title='bbox 850 4009 1095 4074; x_wconf 77' lang='lat' dir='ltr'><strong>Aliunde,</strong></span> <span class='ocrx_word' id='word_1_309' title='bbox 1121 4025 1230 4075; x_wconf 71' lang='lat' dir='ltr'><strong>spes</strong></span> <span class='ocrx_word' id='word_1_310' title='bbox 1251 4012 1395 4071; x_wconf 72' lang='lat' dir='ltr'><strong>sueta</strong></span> <span class='ocrx_word' id='word_1_311' title='bbox 1429 4012 1649 4074; x_wconf 68' lang='lat' dir='ltr'><strong>largitio·</strong></span> <span class='ocrx_word' id='word_1_312' title='bbox 1730 4024 1865 4061; x_wconf 75' lang='lat' dir='ltr'><strong>niam</strong></span> <span class='ocrx_word' id='word_1_313' title='bbox 1895 4010 2053 4061; x_wconf 81' lang='lat' dir='ltr'><strong>fnisse</strong></span> <span class='ocrx_word' id='word_1_314' title='bbox 2082 4014 2241 4062; x_wconf 87' lang='lat' dir='ltr'><strong>totins</strong></span> <span class='ocrx_word' id='word_1_315' title='bbox 2261 4012 2453 4061; x_wconf 73' lang='lat' dir='ltr'><strong>Sicilire</strong></span> <span class='ocrx_word' id='word_1_316' title='bbox 2479 4009 2660 4060; x_wconf 88' lang='lat' dir='ltr'><strong>urbem</strong></span> <span class='ocrx_word' id='word_1_317' title='bbox 2684 4024 2791 4061; x_wconf 87' lang='lat' dir='ltr'><strong>ma·</strong></span> 
     </span>
     <span class='ocr_line' id='line_1_40' title="bbox 579 4086 2789 4152; baseline 0 -17"><span class='ocrx_word' id='word_1_318' title='bbox 579 4089 659 4137; x_wconf 79' lang='lat' dir='ltr'><strong>sis</strong></span> <span class='ocrx_word' id='word_1_319' title='bbox 689 4087 854 4143; x_wconf 64' lang='lat' dir='ltr'><strong>aaut.</strong></span> <span class='ocrx_word' id='word_1_320' title='bbox 899 4092 1044 4136; x_wconf 86' lang='lat' dir='ltr'><strong>reete</strong></span> <span class='ocrx_word' id='word_1_321' title='bbox 1080 4087 1270 4137; x_wconf 84' lang='lat' dir='ltr'><strong>babet:</strong></span> <span class='ocrx_word' id='word_1_322' title='bbox 1319 4096 1374 4137; x_wconf 92' lang='lat' dir='ltr'><strong>et</strong></span> <span class='ocrx_word' id='word_1_323' title='bbox 1403 4086 1651 4149; x_wconf 69' lang='lat' dir='ltr'><strong>siz-genai</strong></span> <span class='ocrx_word' id='word_1_324' title='bbox 1731 4088 1952 4138; x_wconf 81' lang='lat' dir='ltr'><strong>ritimam</strong></span> <span class='ocrx_word' id='word_1_325' title='bbox 1976 4088 2029 4138; x_wconf 84' lang='lat' dir='ltr'><strong>ln</strong></span> <span class='ocrx_word' id='word_1_326' title='bbox 2050 4088 2166 4152; x_wconf 85' lang='lat' dir='ltr'><strong>ejus</strong></span> <span class='ocrx_word' id='word_1_327' title='bbox 2192 4096 2343 4151; x_wconf 81' lang='lat' dir='ltr'><strong>parte</strong></span> <span class='ocrx_word' id='word_1_328' title='bbox 2363 4087 2643 4147; x_wconf 83' lang='lat' dir='ltr'><strong>orlentali3</strong></span> <span class='ocrx_word' id='word_1_329' title='bbox 2674 4100 2789 4137; x_wconf 80' lang='lat' dir='ltr'><strong>earn</strong></span> 
     </span>
     <span class='ocr_line' id='line_1_41' title="bbox 575 4161 2790 4227; baseline 0 -16"><span class='ocrx_word' id='word_1_330' title='bbox 575 4162 838 4224; x_wconf 73' lang='lat' dir='ltr'><strong>potioribus</strong></span> <span class='ocrx_word' id='word_1_331' title='bbox 876 4161 1073 4212; x_wconf 74' lang='lat' dir='ltr'><strong>dacibus</strong></span> <span class='ocrx_word' id='word_1_332' title='bbox 1108 4162 1210 4213; x_wconf 87' lang='lat' dir='ltr'><strong>dici</strong></span> <span class='ocrx_word' id='word_1_333' title='bbox 1246 4162 1420 4226; x_wconf 84' lang='lat' dir='ltr'><strong>potuit</strong></span> <span class='ocrx_word' id='word_1_334' title='bbox 1454 4178 1548 4227; x_wconf 79' lang='lat' dir='ltr'><strong>pro</strong></span> <span class='ocrx_word' id='word_1_335' title='bbox 1582 4176 1647 4215; x_wconf 82' lang='lat' dir='ltr'><strong>eo</strong></span> <span class='ocrx_word' id='word_1_336' title='bbox 1728 4162 2029 4215; x_wconf 80' lang='lat' dir='ltr'><strong>condiderat</strong></span> <span class='ocrx_word' id='word_1_337' title='bbox 2054 4162 2274 4213; x_wconf 75' lang='lat' dir='ltr'><strong>Archias</strong></span> <span class='ocrx_word' id='word_1_338' title='bbox 2316 4163 2623 4215; x_wconf 75' lang='lat' dir='ltr'><strong>Heraclides</strong></span> <span class='ocrx_word' id='word_1_339' title='bbox 2654 4163 2790 4212; x_wconf 87' lang='lat' dir='ltr'><strong>Bac·</strong></span> 
     </span>
     <span class='ocr_line' id='line_1_42' title="bbox 582 4236 2790 4302; baseline 0 -19"><span class='ocrx_word' id='word_1_340' title='bbox 582 4236 721 4300; x_wconf 84' lang='lat' dir='ltr'><strong>quod</strong></span> <span class='ocrx_word' id='word_1_341' title='bbox 743 4245 844 4300; x_wconf 83' lang='lat' dir='ltr'><strong>est,</strong></span> <span class='ocrx_word' id='word_1_342' title='bbox 864 4237 1113 4302; x_wconf 70' lang='lat' dir='ltr'><strong>fungendi</strong></span> <span class='ocrx_word' id='word_1_343' title='bbox 1137 4250 1349 4288; x_wconf 85' lang='lat' dir='ltr'><strong>munere</strong></span> <span class='ocrx_word' id='word_1_344' title='bbox 1379 4252 1441 4288; x_wconf 91' lang='lat' dir='ltr'><strong>ac</strong></span> <span class='ocrx_word' id='word_1_345' title='bbox 1463 4238 1649 4289; x_wconf 83' lang='lat' dir='ltr'><strong>militia</strong></span> <span class='ocrx_word' id='word_1_346' title='bbox 1726 4238 2021 4288; x_wconf 82' lang='lat' dir='ltr'><strong>cbiadaruin</strong></span> <span class='ocrx_word' id='word_1_347' title='bbox 2048 4236 2431 4288; x_wconf 79' lang='lat' dir='ltr'><strong>Corinthiorum</strong></span> <span class='ocrx_word' id='word_1_348' title='bbox 2445 4239 2611 4301; x_wconf 85' lang='lat' dir='ltr'><strong>stirpe</strong></span> <span class='ocrx_word' id='word_1_349' title='bbox 2624 4244 2790 4298; x_wconf 85' lang='lat' dir='ltr'><strong>ortus,</strong></span> 
     </span>
     <span class='ocr_line' id='line_1_43' title="bbox 582 4312 2790 4381; baseline -0.001 -18"><span class='ocrx_word' id='word_1_350' title='bbox 582 4312 678 4363; x_wconf 79' lang='lat' dir='ltr'><strong>sub</strong></span> <span class='ocrx_word' id='word_1_351' title='bbox 715 4315 1011 4366; x_wconf 81' lang='lat' dir='ltr'><strong>melioribus</strong></span> <span class='ocrx_word' id='word_1_352' title='bbox 1039 4314 1270 4380; x_wconf 85' lang='lat' dir='ltr'><strong>ducibus,</strong></span> <span class='ocrx_word' id='word_1_353' title='bbox 1291 4330 1444 4381; x_wconf 86' lang='lat' dir='ltr'><strong>qnam</strong></span> <span class='ocrx_word' id='word_1_354' title='bbox 1470 4322 1646 4377; x_wconf 79' lang='lat' dir='ltr'><strong>tyran·</strong></span> <span class='ocrx_word' id='word_1_355' title='bbox 1728 4329 1791 4365; x_wconf 79' lang='lat' dir='ltr'><strong>es</strong></span> <span class='ocrx_word' id='word_1_356' title='bbox 1815 4320 2035 4379; x_wconf 84' lang='lat' dir='ltr'><strong>quatuor</strong></span> <span class='ocrx_word' id='word_1_357' title='bbox 2065 4316 2297 4365; x_wconf 85' lang='lat' dir='ltr'><strong>castellis</strong></span> <span class='ocrx_word' id='word_1_358' title='bbox 2336 4316 2547 4380; x_wconf 65' lang='lat' dir='ltr'><strong>passlsve</strong></span> <span class='ocrx_word' id='word_1_359' title='bbox 2568 4312 2790 4363; x_wconf 80' lang='lat' dir='ltr'><strong>formata</strong></span> 
     </span>
    </p>
   </div>
  </div>
 </body>
</html>
