3159 4934
1061 411 1208 460 us.
1252 409 1484 462 xxrv.
1528 409 1693 462 car.
1734 392 1842 458 39.
2368 390 2541 456 9055

289 555 732 638 propinquo
753 560 984 629 sunt,
987 571 1072 620 ne
1109 551 1296 634 quid
1309 553 1408 618 ab
1455 549 1841 618 Himilcone
1884 555 1953 614 et
1982 547 2539 630 Carthaginiensi-
2603 601 2613 614 .

289 656 468 720 bus
499 656 728 720 timeri
755 652 1008 739 possit?

411 756 552 821 39.
601 755 710 820 Ah
761 755 890 820 hac
925 753 1394 818 adhortatione
1425 752 1689 818 dimissi
1714 769 1993 834 corpora
2032 756 2279 816 curant.
2367 749 2538 814 Pos-

302 862 486 921 tero
523 856 634 921 die
661 855 778 920 alii
805 854 958 918 aliis
987 853 1182 930 locis,
1213 853 1301 916 ad
1331 853 1703 918 obsidenda
1728 853 1965 918 itinera
1992 851 2537 933 claudendosque

301 957 658 1039 oppositi
705 956 985 1029 exitus,⁹
1036 971 1198 1036 pars
1247 951 1550 1016 maxima
1593 971 1793 1035 super
1836 952 2155 1016 theatrum
2207 951 2539 1034 circaque,

303 1057 612 1120 assueti
667 1062 734 1120 et
781 1061 934 1120 ante
987 1053 1394 1135 spectaculis
1432 1053 1859 1130 concionum,
1909 1053 2287 1116 consistunt.
2376 1052 2538 1115 Pro·

299 1158 594 1222 ductus
643 1157 730 1222 ad
780 1155 1102 1240 populum
1146 1174 1190 1218 a
1239 1154 1733 1236 magistratibus
1773 1153 2127 1238 praesectus
2164 1151 2537 1230 Romanus,

305 1277 500 1322 cum
557 1255 850 1320 consulis
881 1273 968 1320 ea
1005 1253 1090 1318 de
1126 1269 1198 1316 re
1237 1253 1356 1336 jus
1400 1271 1484 1318 ac
1527 1259 1932 1337 potestatem
1960 1273 2129 1330 esse,
2158 1271 2295 1316 non
2322 1271 2535 1328 suam,

303 1363 388 1420 et
425 1357 768 1439 pleraque
798 1354 1060 1430 eadem,
1089 1372 1242 1435 quae
1271 1352 1508 1435 pridie,
1535 1354 1826 1418 dixisset
1844 1375 1863 1434 3
1883 1363 1937 1392 ¹0
1968 1353 2183 1436 primo
2214 1355 2463 1416 sensim
2488 1362 2535 1392 ¹¹

309 1473 412 1520 ac
449 1456 694 1538 plures
721 1454 990 1518 reddere
1017 1454 1270 1528 claves,
1298 1453 1449 1518 dein
1484 1456 1628 1538 jam
1660 1473 1797 1518 una
1834 1473 2001 1518 voce
2046 1454 2115 1517 id
2156 1473 2387 1518 omnes
2425 1453 2539 1536 ju-

309 1557 606 1632 berent,
653 1555 1132 1634 cunctantique
1179 1570 1262 1614 ac
1309 1551 1639 1618 differenti
1689 1553 2005 1616 ferociter
2052 1555 2537 1628 minitarentur,

319 1675 476 1720 nec
511 1653 890 1719 viderentur
923 1652 1102 1718 ultra
1140 1652 1276 1715 vim
1323 1653 1625 1718 nltimam
1670 1653 1975 1718 dilaturi:
2019 1659 2159 1716 tum
2188 1653 2539 1736 praefectus

321 1761 526 1834 toga
555 1755 838 1834 signum,
876 1757 946 1814 ut
984 1760 1406 1827 convenerat,
1451 1751 1678 1832 dedit;
1724 1752 2103 1834 militesque
2148 1753 2379 1817 intenti
2422 1755 2538 1817 du·

325 1854 520 1918 dum
549 1872 634 1918 ac
665 1852 906 1934 parati,
945 1851 1062 1917 alii
1103 1869 1390 1932 superne
1421 1852 1492 1914 in
1537 1869 1841 1916 aversam
1862 1859 1912 1890 ¹²
1944 1853 2329 1918 concionem
2352 1864 2372 1890 ¹
2402 1855 2540 1918 cla·

325 1971 538 2016 more
569 1951 842 2016 sublato
871 1951 1244 2025 decurrunt,
1274 1951 1390 2014 alii
1429 1951 1516 2015 ad
1559 1951 1789 2016 exitus
1833 1951 2071 2014 theatri
2108 1953 2383 2017 confer-ti
2424 1955 2537 2017 ob-

329 2055 620 2118 sistunt.
711 2052 1070 2116 Caeduntur
1121 2049 1520 2114 Hennenses
1571 2070 1783 2114 cavea
1822 2053 2102 2129 inclusi:
2145 2073 2540 2118 coacervan-

333 2160 622 2236 turque,
665 2171 800 2216 non
853 2151 1038 2214 coede
1093 2150 1334 2224 solnm,
1383 2151 1502 2214 sed
1537 2152 1739 2214 etiam
1767 2151 1965 2232 fuga3
2012 2171 2163 2216 cum
2195 2155 2312 2217 alii
2341 2174 2539 2236 super

337 2252 648 2316 aliorum
693 2253 914 2334 capita
943 2254 1226 2326 ruerent,
1259 2255 1461 2331 atque
1500 2252 1739 2332 integri
1782 2252 2053 2326 sauciis,
2086 2253 2221 2316 vivi
2264 2254 2540 2326 mortuis

337 2353 756 2427 incidentes,
787 2352 1290 2419 cumularentur.
1382 2351 1554 2416 Inde
1601 2353 1859 2436 passim
1906 2353 2303 2428 discurritur,
2336 2358 2403 2416 et
2430 2372 2541 2416 ur·

341 2454 466 2516 bis
501 2457 716 2534 captae
745 2451 944 2514 modo
974 2451 1260 2534 fugaque
1304 2459 1376 2515 et
1416 2451 1643 2516 caedes
1685 2455 1909 2518 omnia
1949 2461 2163 2518 tenet:
2208 2454 2411 2516 nihilo
2438 2473 2541 2516 re-

337 2553 669 2616 missiore
709 2551 996 2614 militum
1042 2551 1164 2626 ira,
1213 2552 1393 2633 quod
1439 2553 1767 2616 turbam¹³
1800 2555 2149 2616 inermem·
2178 2554 2540 2629 coedebant,

343 2671 566 2733 quam
611 2651 670 2714 si
714 2651 1075 2733 periculum
1122 2670 1248 2733 par
1295 2659 1366 2714 et
1411 2652 1609 2715 ardor
1650 2653 2031 2716 certaminis
2074 2671 2195 2715 eos
2240 2653 2541 2715 irritaret.

345 2751 478 2816 Ita
531 2750 780 2814 Henna
826 2758 945 2815 ant
989 2749 1192 2824 malo,
1245 2754 1360 2812 aut
1405 2751 1789 2814 necessario
1832 2749 2165 2812 facinoret
2211 2756 2545 2812 retenta.¹⁴

420 2917 442 2944 ⁸
488 2911 628 2960 Cives
649 2911 800 2960 clausi
821 2911 952 2960 intra
971 2910 1114 2969 soron
1136 2910 1328 2957 theatri.

1271 3055 1636 3082 ”onmem

423 3175 568 3224 91ts
591 3174 718 3224 Mu.
749 3171 932 3234 probb.
954 3174 1122 3224 Drak.
1147 3179 1202 3222 et
1219 3175 1418 3224 Stroth.
1453 3176 1699 3240 oppidanis
1724 3190 1817 3238 pro
1837 3175 2187 3238 oppositiEdd.
2206 3181 2327 3225 ante
2345 3177 2539 3228 Stroth.

357 3253 426 3288 ex
455 3239 594 3300 conj.
615 3239 812 3286 Valle·
841 3243 1116 3311 opportune·
1149 3238 1308 3312 exitus
1346 3239 1567 3288 malebat
1602 3240 1720 3289 Jac.
1755 3239 1863 3289 Gru
1867 3254 1980 3288 nov.
1982 3244 2111 3288 —10
2148 3239 2233 3288 ΑΙ.
2259 3255 2362 3302 qua
2387 3241 2543 3302 pridie

353 3304 499 3365 prius
519 3302 734 3350 dixisset.
735 3305 862 3350 -u
906 3301 968 3348 Ee
995 3301 1150 3362 ρήπιο
1175 3299 1350 3349 sensim
1371 3301 1509 3363 conj.
1532 3302 1675 3352 Duk.
1696 3310 1749 3352 et
1773 3303 2001 3352 Crevier.
2003 3307 2132 3352 -12
2168 3303 2250 3352 ΑΙ.
2282 3306 2542 3352 πᾶσινηη.

356 3370 497 3414 -13
534 3364 800 3423 Quod-jun
837 3363 1023 3414 when
1059 3363 1193 3412 Edd.
1232 3371 1354 3412 aute
1391 3365 1620 3414 Gronov.
1656 3372 1710 3414 et
1750 3367 1877 3414 Μαι.
1920 3373 2115 3415 tantum
2150 3381 2249 3414 non
2284 3379 2475 3414 omnes.
2482 3389 2544 3402 —-

357 3419 828 3476 '14‘F10rebeuun
850 3425 1022 3489 aptius
1044 3425 1108 3474 ad
1129 3429 1454 3492 sententiam,
1477 3437 1531 3478 et
1571 3431 1832 3479 venustius
1862 3429 1926 3480 ad
1966 3439 2219 3491 ornatum,
2255 3429 2357 3493 legi
2394 3441 2543 3492 pesse

1351 3587 1401 3638 N
1407 3588 1566 3640 01·AE

434 3691 454 3716 ¹·
485 3682 549 3730 In
581 3694 794 3730 everam
827 3679 1109 3743 concionem]
1143 3681 1312 3742 Vulgo
1332 3681 1416 3730 ad-
1495 3697 1649 3742 ωιεπυ
1682 3697 1851 3748 neque
1873 3683 2009 3732 euim
2040 3695 2103 3731 ex
2139 3695 2200 3732 eo
2231 3683 2443 3734 militnm
2469 3682 2547 3732 ira

364 3771 568 3806 wrm.
636 3754 774 3804 mad
798 3755 1000 3814 melius,
1031 3754 1085 3802 ni
1124 3753 1416 3817 fallor,hoc
1497 3759 1630 3822 qnod
1688 3767 1800 3807 tuto
1854 3758 2118 3807 cederent
2170 3757 2408 3822 Ennaeos,
2451 3757 2543 3808 sed

367 3831 505 3879 ioco.
1500 3830 1635 3895 quod
1648 3831 1767 3894 jnre
1790 3846 1878 3882 eos
1897 3831 2099 3882 caedere
2124 3832 2382 3894 putarent.

437 3913 456 3937 ⁸
481 3903 618 3959 Quod
629 3903 812 3952 urbem
823 3903 1071 3967 mmm]
1097 3904 1420 3967 Vulgonpwd
1563 3905 1580 3938 ί
1608 3907 1707 3954 Aut
1738 3907 1877 3969 malo,
1905 3911 1987 3954 aut
2028 3907 2284 3956 necessario
2306 3902 2547 3970 facinore]

365 3979 476 4039 aare
496 3979 678 4027 monn
695 3979 944 4027 tnemms
967 3993 1118 4042 quarn
1141 3980 1417 4028 lectionem
1498 3979 1576 4029 Ut
1615 3981 1748 4042 apud
1786 3981 1954 4033 Tacit.
1986 3996 2023 4031 ῐ.
2057 3981 2245 4032 Annal-
2278 3983 2545 4034 ‘Jusserat

267 4101 284 4110 ,
375 4057 624 4104 damnare
661 4055 852 4114 nclim3
887 4069 982 4105 nec
1017 4055 1239 4106 Fabrnm
1280 4057 1422 4105 endi·
1501 4053 1554 4103 id
1611 4056 1918 4118 supplicium
1972 4058 2212 4106 Mennim
2265 4063 2547 4106 castrorum

379 4130 566 4178 endum
611 4136 752 4191 puto,
790 4129 878 4192 qui
919 4131 1208 4179 necessario
1247 4131 1423 4192 legen·
1504 4126 1941 4191 pmfectns,hono
1956 4129 2547 4195 magisexemplo,qunm

377 4207 497 4256 dum
523 4203 955 4264 arbitratunquod
977 4209 1078 4254 tuto
1099 4203 1284 4254 turbem
1298 4203 1424 4254 ἔπιεν·
1500 4215 1749 4254 concesso
1774 4205 1930 4267 jure?
