3159 4934
1056 439 1202 486 nin.
1251 435 1482 487 xxvt.
1528 440 1690 486 cap.
1731 423 1841 488 32.
2368 425 2543 492 m

265 591 468 660 pars
505 587 835 657 senatus,
881 579 1184 662 principe
1213 578 1366 662 ejus
1399 580 1743 644 sententias
1772 579 1857 644 Τ.
1884 579 2147 644 Manlio
2176 577 2543 671 Torquato,
2600 615 2609 622 ·

267 684 291 712 ‘
325 699 520 744 cum
555 682 864 763 tyrannis
909 680 1154 744 bellum
1204 681 1556 761 gerendum
1600 668 1849 758 fuisse:
1892 689 2253 759 censerent,
2296 689 2313 716 ⁸
2332 683 2543 746 hosti-

271 781 438 843 bus
473 790 560 843 et
599 781 1163 861 Syracusanorum
1195 789 1266 844 et
1305 780 1539 862 populi
1573 781 1907 860 Romani;
1948 789 2017 845 et
2050 785 2275 846 urbem
2304 782 2541 864 recipi,

275 899 442 946 non
479 882 702 964 capi3
745 888 816 944 et
841 887 1182 961 receptam
1205 881 1464 962 legibus
1497 883 1799 964 antiquis
1820 889 1887 945 et
1906 883 2207 946 libertate
2232 885 2537 960 stabiliri,

275 999 446 1044 non
503 980 772 1046 fessam
807 980 1186 1045 miseranda
1231 983 1546 1044 servitute
1577 982 1757 1045 bello
1788 981 2017 1064 affligi.
2106 983 2287 1046 Inter
2316 992 2537 1064 tyran-

281 1096 562 1146 norum
627 1091 698 1147 et
742 1083 936 1147 ducis
984 1081 1276 1147 Romani
1327 1083 1689 1147 certamina
1742 1085 2087 1166 praemium
2136 1083 2414 1148 victoris
2473 1085 2539 1146 in

285 1183 556 1247 medio
592 1185 882 1266 positam
926 1184 1156 1246 urbem
1193 1182 1705 1264 pulcherrimam
1738 1201 1821 1247 ac
1850 1181 2333 1246 nobilissimam
2366 1185 2541 1266 peri-

287 1283 488 1360 isse,
525 1283 840 1348 horreum
872 1291 1072 1365 atque
1099 1285 1408 1348 serarium
1440 1283 1781 1367 quondam
1812 1283 2045 1366 populi
2080 1283 2393 1360 Romani,
2422 1303 2535 1348 cu·

279 1385 428 1468 jus
459 1384 932 1449 munificentia
961 1401 1042 1448 ac
1063 1383 1258 1446 donis
1279 1384 1508 1464 multis
1541 1385 2072 1466 tempestatibus,
2094 1383 2227 1447 hoc
2248 1385 2537 1466 denique

297 1486 484 1567 ipso
513 1483 784 1548 Punico
813 1483 1018 1560 bello,
1041 1482 1274 1565 adjuta
1299 1493 1669 1566 ornataque
1688 1502 1801 1546 res
1826 1483 2091 1565 publica
2118 1488 2320 1546 esset.
2354 1484 2537 1547 siah

303 1585 590 1650 Inferis
615 1585 867 1648 existat
883 1591 938 1631 ⁸⁴
977 1601 1098 1646 rex
1131 1581 1366 1659 Hiero,
1391 1582 1757 1646 fidissimus
1788 1583 2050 1663 imperii
2082 1583 2369 1646 Romani
2399 1583 2539 1646 cul-

307 1695 462 1762 tor,
503 1703 648 1768 quo
699 1703 815 1748 ore
859 1689 978 1748 aut
1007 1685 1404 1766 Syracusas,
1437 1689 1552 1746 aut
1583 1683 1871 1746 Romam
1899 1681 1964 1745 ei
1990 1681 2249 1746 ostendi
2280 1683 2537 1764 posse?

308 1803 525 1862 cum,
556 1786 674 1849 ubi
715 1785 1094 1848 semirutam
1137 1801 1218 1846 ac
1249 1783 1607 1864 spoliatam
1642 1781 1925 1864 patriam
1966 1783 2399 1863 respexisset,
2438 1784 2535 1845 in-

313 1887 650 1972 grediens
685 1882 994 1961 Romam,
1025 1886 1090 1948 in
1125 1883 1452 1948 vestibulo
1481 1882 1685 1957 urbis,
1718 1901 1931 1964 prope
1962 1883 2033 1945 in
2065 1889 2284 1964 porta,
2316 1883 2537 1966 spolia

317 1989 590 2072 patriae
621 2007 768 2052 suoe
797 1988 1062 2052 visurus
1091 1987 1180 2051 sit
1195 1984 1248 2050 'l'
1336 1984 1514 2049 Haec
1557 1984 1851 2065 taliaque
1890 2001 2045 2048 cum
2090 1983 2175 2048 ad
2221 1983 2539 2048 invidiam

321 2089 646 2154 consulis
683 2089 1304 2168 miserationemque
1349 2085 1725 2148 Siculorum
1764 2083 2151 2160 dicerentur,
2180 2083 2410 2148 mitius
2440 2093 2539 2149 ta·

323 2209 504 2254 men
556 2189 984 2253 decreverunt
1033 2187 1269 2250 Patres
1305 2203 1516 2249 cansa
1559 2184 1901 2248 Marcelli:
1948 2188 1969 2216 ‘
1995 2183 2171 2261 Ques
2212 2184 2271 2246 is
2310 2201 2539 2264 gerens

325 2291 595 2356 bellum
627 2289 968 2372 victorque
1007 2287 1275 2370 egisset,
1319 2291 1466 2350 rata
1506 2282 1809 2349 habenda
1838 2303 2009 2347 esse.
2100 2281 2181 2345 In
2215 2282 2535 2364 reliquum

328 2411 530 2458 curm
561 2392 822 2458 senatui
869 2389 1006 2454 fore
1049 2407 1188 2452 rem
1231 2387 1745 2470 Syracusanam,
1783 2384 2353 2467 mandaturosque
2378 2403 2536 2450 con-

331 2493 481 2558 suli
513 2493 808 2569 Loevino,
839 2490 1014 2574 quod
1041 2495 1090 2536 '⁵
1137 2489 1282 2552 sine
1301 2486 1566 2570 jactura
1589 2495 1615 2520 ¹
1656 2487 1753 2550 rei
1784 2486 2075 2567 publicas
2103 2485 2241 2548 fieri
2281 2493 2535 2566 posset,

329 2593 628 2660 fortunis
658 2592 801 2676 ejus
832 2589 1128 2655 civitatis
1159 2588 1580 2652 consuleret!
1672 2585 1907 2648 Missis
1935 2584 2195 2646 duobus
2222 2585 2535 2648 senatori-

333 2697 478 2762 bus
507 2695 572 2758 in
603 2693 1004 2776 Capitolium
1041 2689 1126 2754 ad
1160 2689 1522 2761 consulem,
1549 2686 1649 2750 uti
1681 2685 1927 2750 rediret
1956 2685 2025 2746 in
2049 2685 2321 2760 curiam,
2346 2693 2413 2746 et
2434 2687 2537 2746 in·

333 2793 668 2858 troductis
697 2791 968 2866 Siculis,
999 2794 1272 2852 senatus
1311 2786 1689 2850 consultum
1732 2784 2075 2846 recitatum
2120 2788 2259 2845 est:
2302 2782 2539 2860 legati-

337 2913 498 2982 que,
555 2893 838 2970 benigne
890 2886 1214 2972 appellati
1260 2905 1342 2951 ac
1391 2883 1670 2958 dimissi,
1721 2882 1807 2948 ad
1853 2899 2067 2964 genua
2111 2897 2182 2944 se
2230 2879 2537 2942 Marcelli

339 2993 651 3062 consulis
681 2989 1114 3073 projecerunt,
1143 2987 1601 3060 obsecrantes,
1645 2989 1665 3019 ‘
1687 2989 1967 3066 ut,.quae
1996 2979 2428 3064 deplorandae
2452 2996 2535 3042 ac

341 3094 662 3159 levandae
685 3089 1090 3154 calamitatis
1117 3091 1330 3153 causa'
1349 3085 1703 3162 dixissent,
1738 3085 1997 3150 veniam
2028 3083 2129 3146 eis
2158 3082 2368 3158 daret,
2397 3089 2463 3144 et
2488 3078 2543 3120 ¹⁶

345 3195 420 3261 in
448 3193 646 3260 fldem
677 3191 1185 3272 clientelamque
1209 3195 1236 3224 ⁸
1280 3207 1354 3251 se
1379 3186 1739 3266 urbemque
1760 3185 2129 3266 Syracusas
2152 3179 2539 3266 acciperet!

355 3279 366 3288 ο

350 3293 532 3360 Post
557 3295 706 3362 haec
735 3290 977 3359 consul
1005 3291 1357 3354 clementer
1387 3285 1765 3368 appellatos
1787 3283 1813 3319 ⁵
1842 3284 2119 3348 dimisit.

412 3449 441 3484 ὅ
477 3453 602 3501 cm
620 3463 696 3500 eos
716 3449 914 3511 benigne
929 3447 1265 3511 compellasset,
1280 3457 1456 3507 suaque
1476 3441 1595 3506 ipsis
1615 3439 1766 3505 officis
1790 3439 2097 3501 promisisset.

1267 3569 1411 3592 0500&
1417 3567 1619 3590 “000“

353 3651 485 3710 tinet
510 3657 572 3707 ad
597 3653 916 3706 sententias!
948 3653 1312 3716 Deerinee-ld
1351 3649 1434 3699 ΑΙ.
1468 3649 1511 3698 si
1531 3647 1592 3696 ab
1613 3647 1802 3706 inferiis
1823 3647 2035 3694 existat:
2066 3649 2117 3691 et
2151 3656 2266 3690 mox
2290 3641 2408 3692 Pnt.
2448 3641 2538 3689 im·

346 3723 479 3787 perio
505 3721 860 3772 Romanum—16
899 3719 1066 3774 Quoad
1101 3715 1234 3766 ΕΜ.
1275 3721 1394 3764 ante
1431 3713 1595 3763 Gron.
1640 3713 1723 3774 qni
1762 3711 1916 3758 docet
1950 3707 2071 3772 quod
2102 3719 2247 3782 sepe
2272 3719 2365 3768 pro
2386 3707 2540 3782 quood

351 3787 602 3835 flet—ie
637 3785 698 3834 ln
721 3782 858 3834 Edd.
883 3790 1006 3831 ante
1029 3781 1198 3832 Gron.
1227 3777 1287 3827 τὸ
1305 3783 1354 3828 et
1373 3777 1610 3828 onnissum
1634 3781 1732 3824 est.
1800 3773 1925 3822 Mox
1952 3779 2055 3822 vet.
2080 3771 2163 3821 lib.
2196 3769 2329 3834 apud
2362 3769 2536 3832 Sigon.

353 3851 598 3912 'adpetet-

1339 3918 1551 3971 1401·AE

359 4023 368 4032 ’
415 4031 438 4058 ¹
472 4025 610 4081 Quod
629 4023 956 4088 sinejaetura]
1005 4019 1401 4084 Vulgatiorlee-
1485 4013 1608 4090 ιη’
1629 4014 1845 4078 alia-que
1868 4013 2057 4063 similes
2080 4009 2321 4078 loquendi
2356 4009 2535 4059 formo

354 4099 450 4160 tio,
470 4100 620 4161 quoad
652 4099 756 4147 sins
775 4095 996 4160 ,δασέαν-αι
1031 4097 1167 4146 idem
1191 4107 1402 4156 sensus;
1484 4095 1683 4139 extant.
1888 4109 1899 4118 ·

355 4174 571 4223 sedilia
605 4173 800 4236 phrasis
838 4171 1154 4234 elegantior:
1191 4183 1306 4218 nam
1348 4175 1404 4216 et
1547 4173 1572 4200 ⁸
1604 4165 1665 4212 In
1699 4163 1851 4228 fldem
1896 4161 2269 4226 clientelamque]
2324 4159 2441 4208 Hoc
2484 4159 2538 4208 in

354 4247 492 4312 apud
523 4247 692 4296 Cicer.
725 4251 740 4273 ⁸
761 4244 896 4310 quod
933 4255 1020 4293 tuo
1051 4243 1315 4294 commodo
1343 4241 1402 4290 fi·
1484 4255 1621 4290 more
1646 4239 1885 4303 pesitum,
1909 4247 1963 4289 ut
2001 4240 2151 4289 victu
2184 4235 2335 4286 urbes
2372 4235 2537 4285 victo-

481 4326 660 4388 mm.
689 4332 740 4376 et
767 4323 882 4375 Var.
904 4324 1032 4373 ciac.
1345 4321 1529 4372 Livius.
2292 4319 2321 4362 7
2357 4314 2405 4364 G
