3159 4934
1121 457 1264 505 mn.
1314 454 1539 505 xxiv,
1588 456 1752 504 cAr.
1793 442 1901 505 42.
2422 444 2593 507 2061

401 603 584 687 quin,
611 600 740 665 nisi
767 618 852 664 ea
880 618 1071 665 mora
1095 599 1576 678 intervenisset,
1610 607 1830 666 castra
1872 620 1955 665 eo
2004 601 2113 665 die
2143 600 2408 665 Punica
2436 605 2593 685 capi

403 702 763 787 potuerint.
851 699 1010 766 Jam
1033 708 1080 747 ¹⁵
1109 719 1242 764 non
1275 701 1522 765 milites
1559 702 1797 783 solum,
1838 703 1958 767 sed
2006 703 2346 787 elephanti
2389 704 2593 767 etiam

405 822 624 887 usque
653 802 739 867 ad
770 802 1020 867 vallum
1062 804 1196 869 acti
1229 810 1436 880 erant,
1485 824 1815 888 superque
1861 802 2049 889 ipsoi
2094 824 2329 869 novem
2374 811 2441 868 et
2486 806 2596 869 tri·

399 906 584 988 ginta
631 903 971 987 elephanti
1003 903 1162 985 pilis
1192 902 1464 969 confixi.
1552 905 1715 971 Hoc
1745 926 2009 990 quoque
2037 906 2273 989 praelio
2300 905 2387 969 ad
2426 906 2591 970 duo-

401 1006 618 1071 decim
667 1006 885 1071 millia
933 1005 1266 1070 hominum
1317 1004 1633 1071 dicuntur
1677 1026 1886 1085 caesa,
1937 1026 2147 1090 prope
2190 1008 2318 1071 tria
2364 1014 2591 1088 capta,

399 1128 550 1175 cum
583 1108 792 1190 signis
819 1108 1220 1173 militaribus
1250 1117 1510 1191 septem
1541 1116 1611 1173 et
1636 1109 2137 1193 quinquaginta.
2202 1107 2314 1173 Ad
2343 1107 2592 1174 Aurin-

399 1229 524 1291 gen
543 1206 570 1245 ¹¹
617 1210 772 1275 inde
815 1210 1046 1273 urbem
1087 1208 1295 1274 Poeni
1340 1229 1719 1291 recesser03
1761 1222 1855 1289 et,
1902 1219 1979 1276 ut
2016 1211 2253 1277 territis
2290 1213 2591 1289 instaret,

397 1316 678 1375 secutus
721 1310 1092 1377 Romanus.
1181 1310 1293 1375 Ibi
1333 1312 1572 1376 iterum
1618 1313 1855 1398 Scipio
1904 1314 2213 1379 lecticula
2256 1314 2323 1376 in
2376 1314 2589 1377 aciem

397 1412 620 1476 illatus
649 1412 986 1477 conflixit:
1032 1431 1159 1477 nec
1205 1413 1412 1477 dubia
1448 1414 1735 1479 victoria
1774 1415 1937 1480 fuit:
1981 1416 2202 1479 minus
2234 1418 2454 1478 tamen
2486 1414 2592 1477 di-

395 1513 606 1577 midio
635 1514 947 1590 hostium,
991 1533 1196 1596 quam
1239 1522 1460 1590 antea,
1514 1516 1679 1597 quia
1724 1516 2078 1598 pauciores
2110 1515 2590 1599 superfuerant,

395 1615 514 1696 qui
545 1619 932 1697 pugnarent,
963 1615 1286 1679 occisum.
1375 1614 1512 1678 Sed
1544 1634 1703 1696 gens
1734 1623 1897 1681 nata
1919 1615 2368 1683 instaurandis
2400 1634 2593 1696 repa-

395 1715 756 1798 randisque
787 1714 1006 1791 bellis,
1051 1713 1348 1795 Magone
1395 1713 1485 1778 ad
1525 1716 2083 1797 conquisitionem
2120 1711 2429 1780 militum¹
2456 1716 2589 1778 fra·

399 1820 494 1878 tre
513 1814 564 1855 ¹⁶
589 1816 818 1895 misso,
836 1817 1030 1883 brevi
1057 1816 1346 1899 replevit
1373 1817 1764 1896 exercitum,
1788 1818 2183 1901 animosque
2214 1816 2303 1881 ad
2334 1822 2592 1882 tentan-

1309 1998 1337 2017 0
1616 1997 1676 2017 60

460 2131 522 2175 1⁵
563 2126 708 2175 Enim
729 2125 928 2177 addunt
949 2126 1084 2175 Edu.
1109 2132 1228 2175 ante
1249 2126 1621 2177 Gronov-⁶1⁶
1650 2128 1667 2157 ‘
1693 2126 1925 2177 Primum
1960 2126 2149 2189 legenti
2172 2126 2293 2177 mihi
2316 2126 2588 2178 videbatur

394 2188 673 2251 legendum
691 2203 802 2237 esse
838 2205 869 2238 a
885 2188 1068 2249 fratre,
1105 2189 1242 2251 quod
1263 2196 1317 2237 et
1341 2191 1464 2239 viris
1487 2190 1655 2239 doctis
1678 2190 1983 2253 jamdudum
2006 2192 2188 2245 visum,
2210 2200 2261 2238 et
2288 2204 2317 2236 a
2342 2189 2589 2252 Doujatio

393 2254 528 2302 adeo
551 2259 816 2313 receptum
840 2252 1009 2307 video,
1043 2254 1188 2302 nulla
1226 2259 1397 2302 tamen
1429 2253 1675 2303 librorum
1710 2256 2051 2303 auctoritate:
2088 2254 2276 2301 deinde
2300 2267 2355 2301 re
2380 2268 2591 2302 accura-

393 2318 500 2365 tius
523 2318 834 2378 examinata,
861 2317 1038 2365 melius
1071 2316 1278 2380 quidem
1304 2319 1550 2380 putabam
1581 2320 1625 2366 si
1650 2317 1929 2367 adderetur
1951 2318 2263 2379 pra-positio,
2286 2330 2387 2365 non
2414 2324 2588 2367 tamen

393 2382 756 2429 necessarium.
823 2381 1020 2442 Magno
1043 2381 1308 2431 Gronovio
1332 2382 1544 2445 aliisque
1580 2382 1702 2431 viris
1728 2381 1892 2431 doctis
1915 2381 2087 2430 fraudi
2110 2379 2230 2436 fuit,
2271 2381 2407 2444 qnod
2435 2395 2585 2430 vocs-

392 2444 570 2494 bulum
603 2458 726 2505 gens
771 2458 1044 2508 perperam
1083 2446 1452 2509 intelligerent.
1535 2446 1657 2495 Non
1693 2446 1830 2494 enim
1870 2445 2129 2507 significat
2165 2444 2218 2493 b.
2265 2445 2299 2495 l.
2335 2444 2586 2497 Punicam

391 2517 730 2622 {iffissmffi'}
770 2510 996 2622 ,2222ae
1022 2508 2161 2624 2:‘3¹:⁸32‘3‘3‘213‘3„tssssffitiffoflzimt’ss
2174 2509 2362 2621 “3:2⁸
2379 2509 2590 2621 3²:11¹*

391 2636 511 2685 Lib.
532 2606 648 2685 x’xr.
670 2652 788 2701 cap.
809 2642 888 2687 1⁰.
920 2607 1128 2687 dix’erst
1149 2655 1161 2685 ε
1197 2588 1336 2687 ‘gnec
1359 2609 1580 2701 unquam
1606 2640 1775 2687 donec
1798 2588 2319 2700 saniuinisqnongzinis
2359 2650 2421 2684 ne
2460 2590 2587 2685 Bae:

393 2700 496 2749 cini
521 2702 646 2765 'quis
685 2716 803 2751 uam
839 2702 1083 2765 supersit,
1112 2701 1353 2766 quietura
1385 2702 1621 2751 Romans
1654 2700 1891 2751 findere!
1960 2702 2047 2750 De
2083 2699 2283 2750 duobus
2346 2700 2586 2763 ratribus,

392 2764 668 2814 Hasdruba
691 2780 720 2813 e
738 2772 796 2815 et
816 2766 1061 2829 Magone,
1085 2765 1135 2813 h.
1162 2766 1195 2813 Ι.
1218 2764 1370 2823 dicit,
1397 2779 1517 2825 gens
1549 2770 1667 2813 nota
1698 2765 2023 2813 instaurandis
2043 2764 2409 2826 reparandisque
2436 2765 2588 2823 bellis,

390 2828 521 2878 breui
540 2830 737 2892 reples-it
758 2830 1034 2889 exercitum,
1055 2830 1320 2891 animosque
1339 2825 1463 2886 fecit
1485 2829 1597 2875 scil.
1621 2828 1875 2876 exercitui
1895 2844 1907 2872 :
1948 2829 2169 2889 replevit
2191 2836 2365 2876 autem
2387 2828 2589 2883 exerci-

392 2898 518 2948 tum,
543 2893 662 2943 dnm
699 2908 830 2943 unus
861 2892 1076 2943 fratrum
1117 2892 1273 2953 Mago
1308 2891 1607 2940 mitteretur
1630 2891 1695 2939 ad
1718 2890 2143 2953 conquisitionem
2168 2892 2407 2939 militum.
2467 2890 2587 2939 Hac

393 2957 527 3005 enim
554 2958 818 3007 sententis
840 2963 984 3007 recte
1008 2955 1110 3004 dici
1135 2968 1282 3018 posse
1307 2961 1464 3017 puto:
1497 2969 1617 3015 gens
1636 2988 1649 3003 .
1666 2988 1683 3003 .
1702 2954 1887 3013 .sratre
1908 2954 2067 3010 misso,
2088 2955 2288 3017 replevit
2309 2954 2587 3003 exercitum.

391 3019 468 3067 Ut
493 3030 664 3069 tamen
689 3020 871 3069 melius
893 3026 1146 3084 putarem,
1182 3020 1226 3067 si
1265 3018 1540 3069 adderetur
1576 3020 1894 3082 praepositio,
1916 3018 2199 3083 disiunctio
2222 3018 2585 3068 vocabulorum

391 3082 636 3145 Magone.
655 3117 669 3132 .
689 3084 872 3143 ..fratre
904 3082 1082 3134 efficit.
1163 3084 1400 3148 Namque
1437 3084 1482 3133 si
1499 3083 1668 3143 fratrs
1704 3084 1829 3132 nibil
1863 3084 1955 3132 nisi
1992 3084 2248 3147 appositio
2268 3082 2357 3131 τοῦ
2378 3084 2588 3145 Magone

391 3156 548 3211 esset,
586 3148 786 3199 Livium
825 3149 994 3212 potius
1016 3148 1219 3212 junctis
1258 3148 1472 3199 vocibus
1505 3148 1715 3211 Magone
1734 3147 1901 3208 fratre
1920 3148 1982 3197 ad
2002 3164 2167 3211 conqu.
2186 3148 2285 3199 mil.
2304 3162 2369 3197 ss.
2392 3146 2585 3197 dixisse

1369 3290 1422 3341 N
1427 3290 1585 3341 01*AE

455 3390 468 3423 ¹
501 3390 741 3453 Superque
771 3386 896 3451 ipso]
928 3388 1096 3450 Super
1122 3386 1280 3436 Vallo
1310 3384 1446 3435 scili·
1526 3398 1676 3449 quam
1710 3384 1927 3435 Munda.
1991 3385 2219 3434 Beutero
2240 3384 2399 3445 igitur
2420 3383 2585 3433 liben-

389 3470 499 3525 cet,
523 3479 612 3513 seu
635 3464 700 3513 sd
722 3464 947 3512 Vallum.
1526 3460 1629 3509 tius
1664 3460 1970 3509 accesserim
2002 3460 2085 3509 cui
2118 3457 2321 3508 Aurinx
2360 3466 2441 3507 est
2472 3458 2583 3507 Mo·

454 3540 480 3573 ¹¹
514 3543 594 3590 Aa
626 3538 900 3602 Auringem]
939 3537 1157 3595 Aurius,
1195 3538 1303 3587 sive
1340 3538 1444 3588 An·
1525 3550 1631 3599 ron,
1654 3535 1791 3585 inter
1812 3534 2065 3585 Mundam
2098 3540 2153 3583 et
2186 3533 2461 3597 Hispalim.
2513 3535 2581 3585 V.

390 3616 509 3680 rigi,
551 3622 609 3666 nt
655 3616 712 3665 in
760 3612 983 3677 antiquis
1031 3612 1447 3676 inscriptionibus
1527 3610 1615 3663 lib.
1639 3614 1988 3661 xxvm.c.8.

391 3698 624 3747 vocatur.
654 3688 873 3739 Baticae
909 3688 1030 3738 urbs
1071 3686 1172 3737 fuit
1207 3688 1318 3738 sine
1353 3686 1449 3737 du·
1591 3686 1605 3721 ¹
1634 3688 1847 3749 Magone
1876 3688 1939 3737 ad
1958 3684 2342 3747 conquisitionem
2358 3686 2585 3752 ηιίὶίίαηι]

390 3766 476 3815 bio
495 3784 510 3815 ι
552 3781 652 3829 qua
685 3766 738 3815 in
775 3769 926 3829 parte
961 3761 1142 3825 fuerit,
1173 3764 1449 3814 incertum.
1525 3763 1578 3813 Si
1612 3778 1729 3815 cum
1763 3761 2134 3827 prepositione
2163 3761 2442 3822 scribatur,
2467 3762 2583 3811 Mo·

392 3842 566 3890 Clusio
601 3847 658 3891 et
685 3840 927 3889 Floriano
962 3845 1047 3889 est
1076 3839 1263 3901 Ariona
1288 3840 1448 3904 juxta
1521 3852 1646 3900 gono
1675 3840 1739 3887 od
1768 3836 2154 3901 conquisitionem
2181 3836 2389 3886 militum
2418 3852 2449 3886 o
2469 3838 2583 3897 sre-

389 3914 558 3969 Jaiinz
596 3916 842 3965 Mariana
878 3917 1048 3979 ipsum
1075 3916 1222 3973 Ja’e'n.
1254 3914 1306 3965 in
1337 3915 1446 3967 An·
1524 3919 1600 3963 tre
1619 3913 1792 3961 misso.-
1823 3912 2145 3975 intelligetur
2169 3908 2346 3962 fratris
2376 3912 2583 3961 nomine

390 3989 592 4039 dalusis
609 3988 886 4039 Orientali·
935 3990 1130 4039 Verum
1145 3988 1223 4038 his
1239 3989 1446 4041 obstare
1527 3985 1823 4038 Hasdrubal
1848 3986 2156 4037 Hamilcaris
2173 3986 2337 4037 tilius:
2371 3993 2426 4037 et
2445 3987 2582 4051 quod

390 4064 601 4115 videtur
629 4063 768 4127 quod
791 4064 942 4113 Poent
971 4080 1004 4114 a
1032 4062 1236 4115 Munda
1259 4064 1446 4115 Aurin·
1526 4062 1773 4125 sequitur,
1796 4062 1927 4112 breui
1955 4064 2153 4127 repleuit
2177 4062 2451 4119 exercitum,
2480 4075 2583 4110 non

391 4156 493 4207 gen
535 4139 810 4189 recessisse
842 4140 1118 4203 dicuntur-3
1161 4141 1214 4191 id
1247 4146 1349 4203 est,
1392 4140 1444 4189 in
1523 4140 1849 4193 incommode
1888 4139 2147 4191 referetur
2186 4141 2251 4192 ad
2296 4139 2581 4203 superiora,

388 4216 644 4269 ulteriora
673 4214 939 4278 Hispaniae
967 4215 1189 4267 abiisse:
1221 4217 1336 4265 haec
1357 4230 1444 4266 au·
1518 4230 1643 4277 geas
1688 4222 1803 4269 nata
1852 4218 2173 4269 instaurandis
2220 4214 2581 4281 reparandisque

390 4302 496 4347 tem
517 4294 631 4347 loca
649 4291 895 4359 propiora
915 4291 1142 4345 citeriori
1169 4292 1442 4359 Hispaniae
1503 4292 1672 4345 wallis.
