3159 4934
1124 501 1268 549 mn.
1318 497 1508 549 xxv.
1554 500 1720 549 cn.
1760 485 1866 549 40.
2423 481 2597 547 215⁷

412 646 789 731 SyracusiS,
820 664 969 711 cnm
1002 652 1220 712 cetera
1250 647 1314 711 in
1342 647 1577 712 Sicilia
1618 652 1802 711 tauta
1831 644 1963 709 fide
1994 651 2196 728 atque
2226 641 2598 724 integritate

416 750 939 831 composuisset,
968 757 1042 812 ut
1084 767 1221 812 uon
1266 749 1463 813 modo
1504 768 1695 814 suam
1735 747 2034 831 gloriam,
2065 744 2180 809 sed
2220 745 2420 809 etiam
2458 762 2599 807 ma·

404 850 730 934 jestatem
778 850 1010 935 populi
1057 850 1367 929 Romani,
1396 859 1691 934 angeret,
1724 855 2110 915 ornamenta
2145 847 2357 917 urbis,
2387 846 2600 928 signa,

416 954 842 1037 tabulasque,
896 954 1145 1037 quibus
1202 954 1632 1019 abundabant
1693 954 2078 1038 Syracusae,
2138 949 2430 1015 Romam
2487 950 2603 1014 de-

417 1056 628 1119 vexit.
718 1055 1043 1121 Hostium
1097 1055 1368 1140 quidem
1415 1056 1535 1120 illa
1586 1056 1809 1139 spolia
1857 1060 1922 1119 et
1966 1061 2163 1137 parta
2211 1051 2367 1117 belli
2403 1051 2601 1134 jure:

418 1162 704 1221 ceterum
751 1157 909 1221 inde
959 1158 1242 1240 primum
1293 1158 1557 1223 initium
1603 1157 1882 1221 mirandi
1927 1155 2314 1221 Graecarum
2359 1155 2604 1218 artium

418 1267 672 1342 opera‚⁶
719 1259 1146 1344 licentiaeque
1190 1259 1389 1326 huic⁸
1438 1280 1634 1329 sacta
1684 1258 2092 1344 profanaque
2136 1256 2358 1322 omnia
2400 1257 2603 1338 vulgo

421 1360 758 1442 spoliandi
805 1362 1051 1427 sactum
1102 1370 1241 1427 est:
1299 1382 1455 1447 quae
1505 1370 1843 1447 postremo
1893 1362 1961 1425 in
2005 1361 2352 1425 Romanos
2396 1358 2604 1436 Deos,

422 1462 741 1544 templum
781 1462 850 1527 id
894 1464 1117 1547 ipsum
1150 1466 1459 1549 primum,
1492 1463 1670 1548 quod
1701 1484 1741 1528 a
1778 1462 2103 1527 Marcello
2131 1459 2381 1526 eximie
2410 1476 2604 1522 oma-

419 1569 562 1626 tum
610 1572 737 1642 est,
765 1566 978 1630 vertit.
1064 1565 1511 1631 Visebantur⁹
1558 1568 1727 1629 enim
1769 1566 1854 1628 ab
1893 1564 2184 1629 externis
2222 1561 2309 1625 ad
2343 1567 2608 1642 portam

422 1663 770 1748 Capenam
812 1666 1119 1732 dedicata
1158 1687 1202 1732 a
1232 1667 1561 1732 Marcello
1604 1666 1875 1750 templa,
1904 1672 2178 1748 propter
2207 1660 2610 1726 excellentia

420 1765 567 1848 ejus
611 1768 863 1850 generis
903 1777 1312 1847 ornamenta,
1344 1790 1624 1854 quorum
1664 1768 2030 1852 perexigua
2059 1784 2216 1849 pars
2247 1771 2610 1847 comparet.-

423 1866 826 1949 Legationes
871 1873 1163 1935 omnium
1209 1871 1414 1937 ferme
1460 1873 1832 1937 civitatium
1871 1868 2128 1935 Siciliae
2157 1866 2246 1931 ad
2275 1885 2424 1930 eum
2454 1883 2606 1928 con-

423 1969 799 2036 veniebant.
875 1973 1132 2057 Dispar
1160 1981 1238 2038 ut
1266 1992 1476 2038 causa
1505 1993 1760 2050 earnm,
1790 1972 1886 2036 ita
1911 1970 2204 2035 conditio
2235 1972 2397 2032 erat.
2470 1964 2611 2043 Qui

423 2076 579 2133 ante
626 2080 863 2155 captas
910 2074 1285 2158 Syracusas
1333 2083 1451 2139 ant
1488 2094 1625 2139 non
1666 2075 2105 2147 desciverant,
2136 2078 2256 2136 aut
2283 2069 2614 2133 redierant

426 2170 497 2233 in
530 2172 913 2250 amicitiam,
944 2182 1015 2239 ut
1046 2176 1212 2238 socii
1243 2174 1475 2239 fideles
1518 2176 1776 2258 accepti
1807 2174 2141 2255 cultique;
2188 2192 2361 2254 quos
2393 2176 2611 2233 metus

425 2276 585 2353 post
631 2276 867 2355 captas
908 2274 1281 2358 Syracusas
1323 2275 1697 2354 dediderat,
1726 2285 1805 2340 ut
1844 2277 2011 2343 victi
2052 2294 2095 2338 a
2130 2275 2385 2339 victore
2423 2273 2613 2349 leges

426 2381 847 2455 acceperunt.
934 2374 1145 2440 Erant
1188 2381 1404 2440 tamen
1442 2377 1622 2442 haud
1664 2396 1890 2461 parvae
1919 2377 2213 2460 reliquiae
2244 2375 2401 2440 belli
2435 2373 2616 2437 circa

427 2470 865 2555 Agrigentum
911 2475 1278 2559 Romanis;
1322 2478 1664 2563 Epicydes
1714 2485 1780 2544 et
1824 2479 2076 2544 Hanno
2128 2478 2332 2541 duces
2377 2474 2616 2557 reliqui

426 2576 667 2656 prioris
711 2577 891 2655 belli,
924 2585 997 2641 et
1037 2581 1266 2643 tertius
1304 2599 1521 2645 novus
1550 2584 1637 2645 ab
1674 2581 2060 2646 Hannibale
2086 2580 2157 2643 in
2185 2580 2402 2643 locum
2436 2576 2615 2658 Hip·

1336 2742 1710 2763 ‘amm‘

493 2853 525 2897 8
562 2851 693 2900 Hine
718 2852 850 2902 Edd.
872 2861 993 2903 ante
1016 2854 1344 2906 Gronov-9
1385 2858 1678 2907 Videbantur
1699 2857 1990 2908 Gran—lo
2038 2858 2055 2885 ⁴
2075 2857 2134 2906 In
2161 2857 2336 2921 primis
2362 2857 2496 2906 Edd.
2519 2856 2620 2919 legi

433 2913 769 2978 Hippea-imus
803 2928 860 2968 et
897 2918 1210 2981 Hippo-«ein,
1248 2921 1300 2970 in
1337 2920 1462 2971 Pnt.
1499 2931 1557 2972 et
1585 2922 1834 2973 Cantabr.
1869 2922 2232 2987 Hippaeimtee,
2270 2924 2320 2972 in
2353 2922 2466 2971 eliis
2491 2923 2618 2972 Mu.

1414 3051 1632 3106 NOTAE

1565 3169 1721 3219 riuthi
1754 3175 2128 3235 expugnatore,
2151 3172 2399 3236 ejusmodi
2434 3174 2623 3225 artium

1568 3246 1703 3302 rudi,
1725 3260 1827 3295 uon
1852 3246 2194 3297 dubitandum
2216 3248 2305 3305 ait,
2329 3257 2345 3278 ‘
2370 3251 2494 3314 quin
2516 3265 2623 3301 ma·

1568 3322 1648 3385 gie
1670 3336 1765 3385 pro
1786 3322 2057 3386 republica
2092 3322 2250 3374 fuerit
2287 3339 2496 3374 manere
2530 3326 2624 3374 ad-

1568 3393 1669 3448 huc
1723 3399 1903 3449 rudem
1959 3400 2339 3451 Corinthiorum
2388 3402 2626 3452 intellec·

1571 3481 1701 3537 tum,
1739 3489 1895 3539 quam
1929 3476 1982 3524 in
2013 3482 2212 3525 tantum
2252 3489 2314 3526 ee
2347 3475 2571 3541 intelllgi
2591 3476 2628 3538 ;'

1572 3561 1627 3601 et
1655 3555 1670 3582 ‘
1702 3554 1826 3617 quin
1864 3552 1960 3601 hec
2001 3551 2276 3615 prudentia
2310 3552 2398 3601 illa
2433 3554 2626 3618 impru-

1572 3625 1749 3679 dentia
1770 3628 1945 3679 decori
1968 3627 2178 3691 publico
2201 3626 2361 3677 fuerit
2386 3630 2628 3684 conveni,-

1572 3708 1742 3756 entior
1757 3706 1790 3753 ι’
1810 3706 1946 3769 qnod
1961 3705 2031 3753 eit
2044 3704 2132 3753 laec
2147 3705 2401 3768 pudentia
2414 3718 2627 3770 respon·

1574 3783 1667 3834 det
1689 3784 1737 3831 ei
1760 3781 1896 3847 quod
1929 3781 2011 3830 hic
2036 3782 2210 3831 Livius
2241 3783 2314 3831 eit
2335 3783 2628 3847 licentiaeque

1572 3859 1701 3920 huie,
1719 3857 1859 3923 quod
1888 3857 2138 3921 scriptum
2170 3856 2220 3905 in
2242 3872 2342 3906 uno
2364 3873 2394 3907 e
2417 3859 2633 3909 colber-

1575 3936 1725 3986 tinis:
1761 3932 1812 3983 id
1835 3940 1932 3990 ent,
1950 3933 2175 3983 licentia
2195 3934 2347 3998 hujus
2363 3937 2630 3999 temporie,

1577 4026 1680 4077 quo
1718 4010 1922 4060 scilicet
1955 4010 2175 4072 scriptor
2214 4008 2458 4059 vivebat:
2490 4015 2634 4059 cete·

1575 4101 1687 4135 rum
1713 4085 1839 4134 editi
1869 4090 1925 4133 et
1957 4083 2266 4147 scriptorum
2288 4083 2522 4148 plerique
2542 4083 2629 4132 ha-

509 4180 531 4205 e
569 4167 781 4221 Mirandi
821 4167 1099 4216 Graecorum
1130 4164 1311 4214 artium
1330 4163 1495 4228 opera]
1575 4159 2144 4223 beut,licerrtiaeque1tinc
2162 4158 2631 4223 mmpnphmqu

448 4251 729 4312 Eleganter
768 4257 880 4292 eam
921 4243 973 4290 in
1009 4255 1114 4290 rem
1143 4238 1375 4289 Velleius
1396 4238 1498 4286 Pa·
1577 4240 1720 4301 uulgo
1740 4236 2005 4301 spoliandi:
2038 4236 2091 4286 in
2111 4236 2295 4302 quibus
2317 4234 2438 4288 uiuit
2462 4236 2597 4309 vitii.

448 4324 675 4375 terculus
691 4320 779 4370 lib.
797 4333 835 4369 ι.
854 4316 939 4366 ubi
958 4315 1023 4365 de
1041 4315 1100 4366 1..
1114 4313 1383 4374 Mummio,
1402 4312 1500 4365 eo·

798 4082 846 4117 10·
880 4078 1141 4116 MARCHJB·
