3159 4934
557 387 732 453 2⁰56
1451 402 1556 452 ur.
1606 400 1793 449 mvn

565 534 926 610 Marcellus
953 561 1078 608 nec
1104 544 1353 609 factum
1393 526 1818 629 improbavit,
1846 548 1915 609 et
1954 544 2246 626 praedam
2279 542 2737 608 Hennensium

563 646 886 710 militibus
933 646 1282 719 concessit,
1333 652 1538 722 ratuS,
1590 647 1821 709 timore
1869 646 2217 710 deterritos
2264 652 2741 727 temperaturos

519 813 528 823 ‚
566 746 1060 835 proditionibus
1106 745 1564 826 praesidiorum
1616 742 1905 810 Siculos.
1993 744 2217 827 Atque
2252 766 2335 809 ea
2373 746 2627 819 cladeS,
2670 752 2743 808 ut

563 846 750 910 urbis
779 847 848 908 in
877 846 1097 911 media
1127 846 1362 909 Sicilia
1388 845 1536 909 sitae
1569 846 1903 927 claraeque
1931 847 2033 910 vel
2062 848 2149 909 ob
2182 846 2497 927 insignem
2529 846 2742 907 muni-

565 955 786 1010 mento
815 945 1098 1009 naturali
1123 944 1371 1023 locum,
1403 944 1508 1008 vel
1536 946 1624 1007 ob
1654 950 1921 1009 sacrata
1948 946 2169 1007 omnia
2192 945 2495 1027 vestigiis
2524 954 2741 1027 raptae

567 1045 898 1128 quondam
916 1044 1360 1126 Proserpinae,
1385 1062 1593 1126 prope
1624 1062 1755 1107 uno
1774 1043 1881 1106 die
1902 1062 2167 1108 omnem
2182 1045 2487 1109 Siciliam
2506 1062 2741 1126 perva-

568 1149 681 1210 sit.
771 1146 860 1209 Et
885 1147 1047 1228 quia
1075 1144 1263 1208 caede
1290 1145 1562 1208 infanda
1588 1146 1920 1221 rebantur,
1950 1162 2083 1207 non
2103 1144 2436 1209 hominum
2462 1152 2741 1220 tantum,

568 1248 686 1309 sed
704 1248 906 1309 etiam
927 1246 1227 1309 Deorum
1251 1246 1484 1309 sedem
1504 1246 1817 1310 violatam
1842 1264 2015 1321 esse,
2037 1253 2387 1320 tum-vero,
2411 1247 2523 1326 qui
2542 1246 2747 1307 etiam

569 1352 722 1410 ante
749 1346 934 1410 dubii
965 1344 1250 1422 fuerant,
1279 1346 1573 1409 defecere
1618 1347 1706 1409 ad
1736 1346 2011 1411 Poenos.
2098 1344 2562 1427 Hippocrates
2594 1344 2747 1407 inde

572 1444 1040 1527 Murgantiam,
1073 1444 1370 1509 Himilco
1399 1445 1829 1528 Agrigentum
1859 1464 2011 1509 sese
2036 1448 2329 1527 recepit:
2364 1465 2513 1509 cum
2544 1444 2745 1507 acciti

571 1565 615 1609 a
665 1546 1108 1627 proditoribus
1158 1546 1605 1628 nequicquam
1652 1545 1740 1609 ad
1774 1545 2093 1608 Hennam
2124 1546 2487 1609 exercitum
2520 1544 2749 1607 admo-

573 1648 846 1710 vissent.
937 1646 1294 1709 Marcellus
1325 1652 1494 1710 retro
1531 1647 1599 1709 in
1632 1645 1999 1709 Leontinos
2041 1646 2244 1723 redit3
2290 1646 2749 1727 frumentoque

573 1754 644 1809 et
673 1749 1154 1811 commeatibus
1181 1747 1336 1810 aliis
1383 1749 1454 1811 in
1497 1752 1721 1809 castra
1748 1747 2113 1821 convectis,
2142 1747 2458 1828 praesidio
2486 1745 2753 1809 modico

573 1848 668 1911 ibi
694 1849 950 1921 relicto,
983 1846 1072 1909 ad
1101 1846 1473 1926 Syracusas
1503 1844 1913 1908 obsidendas
1942 1844 2139 1907 venit.
2206 1844 2371 1909 Inde
2394 1846 2531 1926 Ap.
2554 1845 2758 1909 Clau-

574 1946 688 2007 dio
731 1944 1014 2008 Romam
1049 1945 1135 2006 ad
1167 1944 1582 2005 consulatum
1626 1943 1983 2023 petendum
2026 1945 2259 2019 misso,
2290 1943 2371 2006 T.
2404 1944 2757 2021 Quintium

575 2044 956 2125 Crispinum
986 2041 1054 2104 in
1085 2041 1233 2122 ejus
1264 2040 1486 2103 locum
1518 2041 1723 2103 classi
1748 2040 2125 2123 castrisque
2149 2042 2496 2124 praeficit¹⁵
2523 2043 2759 2107 veteri·

575 2144 728 2205 bus.
816 2141 976 2225 Ipse
1006 2140 1452 2224 hybernacula
1478 2142 1773 2223 quinque
1802 2142 2013 2205 millia
2038 2160 2359 2223 passuum
2388 2144 2756 2225 Hexapylo

573 2243 867 2327 (Leonta
887 2242 939 2282 ¹⁶
966 2250 1213 2305 vocant
1230 2250 1258 2277 ⁰
1287 2240 1544 2324 locum)
1571 2242 1965 2305 communiit
1992 2242 2504 2325 aedificavitque.
2580 2243 2756 2307 Haec

576 2345 642 2405 in
675 2344 914 2407 Sicilia
939 2362 1150 2423 usque
1175 2342 1263 2405 ad
1292 2342 1691 2425 principium
1720 2340 1975 2423 hyemis
2004 2348 2217 2421 gesta.
2316 2374 2323 2381 ·

659 2443 770 2505 40.
813 2442 1066 2505 Eadem
1099 2446 1328 2505 aestate
1357 2446 1425 2504 et
1455 2458 1607 2505 cum
1636 2440 1961 2522 Philippo
1992 2460 2165 2523 rege,
2194 2442 2375 2524 quod
2412 2443 2553 2526 jam
2598 2452 2756 2506 ante

576 2550 961 2623 suspectum
1011 2542 1251 2617 fuerat,
1299 2548 1549 2605 motum
1606 2541 1848 2603 bellum
1900 2548 2023 2603 est.
2114 2542 2345 2623 Legati
2384 2545 2470 2606 ab
2510 2543 2713 2606 Orico
2732 2550 2755 2576 ⁸

581 2640 664 2703 ad
723 2640 818 2703 Μ.
849 2640 1199 2705 Valerium
1251 2649 1607 2722 praetorem
1662 2646 1995 2716 venerunt,
2040 2642 2499 2723 praesidentem
2551 2643 2759 2707 classi

579 2739 939 2805 Brundisio
980 2740 1444 2824 Calabriaeque
1477 2742 1658 2805 circa
1688 2739 2045 2815 littoribus,
2078 2742 2471 2817 nuntiantes,
2499 2741 2755 2825 Philip-

579 2860 738 2923 pum
800 2842 1080 2923 primum
1137 2840 1573 2922 Apolloniam
1633 2845 1977 2915 tentassess
2035 2840 2274 2904 lembis
2322 2842 2684 2906 biremibus
2706 2844 2757 2889 ¹⁷

581 3168 764 3225 putat:
801 3162 883 3210 Ita
909 3162 1048 3210 Esau
1067 3162 1204 3216 asab,
1237 3168 1289 3211 at
1321 3162 1582 3211 accessuris
1600 3164 1821 3222 sociam
1840 3162 2061 3213 retenta!
2088 3162 2264 3226 Sigon.
2332 3156 2439 3211 Pro
2459 3164 2580 3211 aab
2602 3165 2759 3212 mals·

583 3226 670 3275 bat
701 3226 758 3275 J.
782 3226 842 3273 F.
864 3225 1094 3275 Gronov.
1127 3226 1397 3275 aulice—16
1431 3226 1667 3284 Prqseeie
1700 3226 1833 3275 Edd.
1873 3234 1995 3276 anie
2036 3228 2330 3275 ursin—16
2363 3228 2381 3253 ‘
2406 3227 2486 3275 lta
2510 3228 2609 3275 Ma.
2636 3227 2759 3277 Put-

582 3288 832 3338 ιιοκεὲιηι
849 3289 979 3337 Edd.
1004 3296 1123 3337 ante
1137 3289 1365 3338 Gronov.
1389 3302 1504 3351 qum
1527 3296 1582 3337 et
1596 3290 1655 3338 ab
1674 3298 1798 3339 ante
1811 3290 2065 3354 Hexapylo
2080 3292 2331 3339 inserunt.
2355 3290 2457 3339 Sed
2478 3292 2570 3339 iioc
2586 3305 2614 3338 a
2628 3292 2758 3338 Mss.

583 3354 749 3407 abest,
773 3360 826 3400 et
848 3368 988 3415 sape
1009 3354 1263 3402 omittitur
1284 3370 1298 3411 ;
1332 3354 1416 3401 vel
1439 3353 1642 3401 dativus
1664 3354 1851 3403 Gra-ce
1876 3357 2085 3414 ponitur
2106 3368 2201 3419 pro
2220 3354 2279 3403 ab
2303 3368 2415 3403 cum
2439 3362 2590 3404 sexto
2616 3368 2758 3403 casu.

581 3417 806 3466 hostem
826 3417 1027 3466 emend.
1051 3416 1258 3465 Cluver.
1278 3416 1420 3466 Sicil.
1441 3424 1549 3465 ant.
1572 3430 1612 3468 1.
1637 3416 1735 3465 12⁹
1770 3417 1973 3479 Rapere.

1571 3592 1784 3642 NOTAE

648 3726 672 3750 ¹¹
705 3718 887 3766 ιεοηια
927 3720 1115 3783 cocant]
1175 3720 1300 3770 Leon
1343 3720 1485 3770 vicus
1527 3716 1631 3769 fuit
1712 3719 1855 3781 Epiri
1894 3719 1945 3769 in
1985 3734 2048 3769 ea
2088 3728 2236 3782 parte
2276 3734 2391 3783 quar
2424 3718 2652 3769 Chaonia
2675 3733 2762 3767 vo·

582 3806 680 3838 non
741 3794 918 3853 procul
954 3794 1231 3855 Syracusis,
1271 3794 1336 3842 ad
1383 3794 1632 3857 Tycham,
1712 3793 1942 3849 cabstnr,
1971 3795 2067 3844 sub
2091 3793 2480 3844 Acrocerauniis
2504 3794 2764 3843 montibus

585 3880 761 3914 versus
798 3868 1248 3929 septemtrionem:
1285 3882 1388 3917 non
1410 3868 1633 3932 quinque
1714 3868 1779 3917 ad
1817 3882 1956 3917 mare
1990 3869 2222 3919 Ionium:
2255 3868 2407 3917 hodie
2444 3868 2537 3917 aab
2573 3870 2765 3918 Turca-

583 3939 806 3988 millibus
844 3953 1112 4001 passuum3
1147 3941 1236 3987 sed
1273 3954 1364 3989 sex
1397 3942 1477 3989 vcl
1515 3954 1633 4003 sep·
1713 3957 1824 3991 rum
1851 3944 2059 3993 ditione.
2126 3944 2369 3995 Creditur
2392 3945 2435 3993 is
2458 3945 2599 3994 locus
2634 3958 2768 4007 esse,

585 4022 687 4063 tem
712 4012 877 4062 stadia
901 4013 968 4062 ab
991 4014 1223 4076 Epipoiis
1239 4014 1464 4077 dissitus,
1487 4023 1545 4065 m
1568 4029 1632 4065 cx
1714 4032 1865 4081 quem
1910 4018 2033 4067 Itali
2076 4020 2161 4069 Vel
2200 4020 2259 4069 de
2308 4020 2433 4067 orso
2476 4020 2763 4083 appellant,

582 4090 881 4155 Thucydide
902 4088 1171 4139 Cluverius
1195 4091 1392 4153 probat.
1715 4093 1827 4141 aliis
1855 4094 1997 4141 Oreo.

647 4170 674 4196 ⁸
706 4166 782 4214 Ab
829 4162 997 4225 Orico]
1051 4163 1186 4212 Urbs
1229 4174 1284 4215 et
1327 4174 1508 4229 portus
1554 4172 1635 4215 cst
1779 4176 1799 4209 ν
1835 4167 2131 4229 Apamiam
2170 4168 2401 4231 tentasse]
2436 4168 2759 4219 Macedoni-
