3159 4934
604 426 780 497 1948
1320 478 1326 485 .
1539 438 1611 487 τ.
1659 436 1847 487 mvn

604 590 690 657 ad
743 590 1080 655 Piscinam
1137 582 1521 673 publicam¹¹
1567 588 1952 667 posuerunt.
2044 578 2143 645 Eo
2206 578 2596 643 vadimonia
2647 576 2797 643 fieri

589 692 981 778 jusserunt:
1025 690 1254 773 ibique
1307 706 1392 751 eo
1435 704 1613 751 anno
1646 684 1762 769 jus
1793 684 2049 747 dictum
2101 688 2230 745 est.
2318 679 2591 745 Interim
2626 680 2795 745 Car-

601 793 956 877 thaginem,
1001 790 1172 855 unde
1221 790 1432 872 Mago
1479 786 1677 851 frater
1722 784 2133 850 Hannibalis
2182 782 2536 847 duodecim
2578 781 2799 846 millia

599 894 899 980 peditum
956 902 1027 958 et
1085 892 1264 957 mille
1306 892 1710 975 quingentos
1758 888 2046 969 equites,
2096 884 2331 965 viginti
2372 883 2791 966 elephantos,

598 994 784 1061 mille
815 996 1068 1079 argenti
1109 989 1399 1058 talentai
1443 992 1514 1056 in
1557 989 1837 1054 Italiam
1886 987 2399 1052 transmissurus
2441 992 2586 1049 erat
2631 1003 2795 1053 cum

597 1098 922 1183 praesidio
971 1094 1326 1177 sexaginta
1389 1093 1659 1157 navium
1728 1090 2105 1173 longarum,
2171 1087 2445 1151 nuntius
2498 1086 2797 1165 affertur,

595 1200 664 1263 in
701 1197 1045 1283 Hispania
1083 1216 1217 1261 rem
1258 1196 1433 1260 male
1471 1200 1752 1276 gestam,
1800 1209 2160 1275 omnesque
2198 1188 2403 1253 ferme
2448 1189 2597 1273 ejus
2633 1206 2796 1272 pro·

595 1300 834 1365 vinciae
873 1298 1162 1383 populos
1203 1298 1292 1361 ad
1339 1294 1695 1361 Romanos
1752 1292 2098 1357 defecisse.
2188 1290 2423 1366 Erant,
2468 1290 2589 1373 qui
2638 1288 2715 1353 M
2718 1310 2794 1355 a·

597 1419 835 1483 gonem
883 1418 1034 1463 cum
1094 1398 1315 1463 classe
1362 1416 1444 1461 ea
1500 1394 1878 1477 copiisque,
1920 1392 2177 1457 omissa
2226 1392 2453 1469 Italia,
2504 1393 2573 1455 in
2626 1391 2795 1456 His·

594 1501 872 1584 paniam
929 1505 1343 1577 averterent3
1403 1516 1553 1562 cum
1602 1496 1933 1560 Sardiniae
1986 1494 2389 1578 recipiendae
2438 1494 2793 1577 repentina

594 1622 754 1686 spes
777 1600 1048 1665 affulsit.
1120 1604 1140 1633 ‘
1165 1598 1456 1665 Parvum
1491 1598 1582 1660 ibi
1616 1597 1985 1660 exercitum
2012 1593 2389 1659 Romanum
2417 1614 2573 1659 esse
2602 1617 2619 1657 τ
2666 1614 2786 1659 ve-

592 1710 798 1789 terem
825 1702 1178 1786 praetorem
1230 1700 1409 1774 inde,
1449 1697 1531 1762 A.
1567 1696 2035 1773 Cornelium,¹⁴
2074 1696 2443 1781 provinciae
2476 1697 2788 1779 peritum,

592 1802 938 1881 decedere,
971 1822 1220 1867 novum
1265 1800 1632 1883 expectari.
1718 1798 1831 1863 Ad
1879 1799 2030 1875 boc,
2072 1798 2293 1862 fessos
2324 1798 2469 1881 jam
2524 1798 2791 1862 animos

592 1904 960 1975 Sardorum
997 1922 1150 1968 esse
1191 1900 1633 1965 diuturnitate
1668 1900 1969 1983 imperii:
2015 1905 2088 1963 et
2132 1901 2439 1983 proximo
2481 1898 2570 1962 iis
2608 1918 2787 1963 anno

593 2006 830 2069 acerbe
860 2013 1062 2089 atque
1090 2021 1292 2067 avare
1319 2001 1745 2085 imperatum.
1818 2001 2031 2067 Gravi
2060 2002 2314 2065 tributo
2342 2006 2409 2063 et
2436 2002 2790 2067 collatione

586 2106 818 2189 iniqua
846 2104 1156 2169 frumenti
1183 2108 1532 2186 pressos-⁸⁵
1626 2100 1817 2167 Nihil
1858 2102 2093 2167 deesse
2140 2102 2349 2181 aliud,
2394 2122 2599 2186 quam
2628 2122 2787 2167 auc-

588 2210 826 2283 torem,
867 2204 955 2270 ad
997 2224 1194 2287 quem
1235 2200 1629 2269 deficerent-³
1714 2202 1895 2267 Haec
1931 2202 2350 2269 clandestina
2388 2205 2633 2288 legatio
2662 2222 2790 2287 per

586 2307 928 2391 principes
959 2308 1168 2368 missa
1199 2311 1377 2382 erat3
1421 2304 1715 2367 maxime
1760 2322 1911 2368 eam
1944 2324 2083 2369 rem
2112 2304 2423 2369 moliente
2457 2305 2788 2388 Hampsi-

585 2406 822 2485 cora,¹⁶
849 2408 963 2490 qui
1002 2412 1140 2471 tum
1166 2403 1576 2469 auctoritate
1606 2410 1805 2488 atque
1836 2407 2085 2490 opibus
2108 2406 2309 2489 longe
2340 2406 2597 2490 primns
2626 2412 2785 2471 erat.

585 2502 726 2572 His
751 2506 1002 2571 nuntiis
1035 2525 1246 2590 prope
1273 2524 1408 2571 uno
1437 2510 1735 2588 tempore
1764 2508 2015 2571 turbati
2042 2508 2381 2591 erectique
2416 2508 2785 2591 Magonem

585 2626 735 2673 cnm
766 2608 989 2673 classe
1031 2626 1159 2672 sua
1194 2608 1554 2691 copiisque
1594 2608 1659 2671 in
1694 2606 2109 2692 Hispaniam
2138 2610 2429 2673 mittunt.
2520 2609 2601 2673 In
2632 2608 2779 2673 Sar-

586 2709 836 2774 diniam
869 2707 1368 2772 Hasdrubalem
1391 2715 1440 2756 ¹⁷
1489 2707 1789 2789 deligunt
1834 2710 2109 2773 ducem:
2158 2718 2228 2773 et
2278 2716 2539 2773 tantum
2578 2710 2785 2773 ferme

581 2811 947 2892 copiarum,
977 2816 1295 2894 quantum
1328 2808 1631 2890 Magoni,
1674 2808 2061 2875 decernunt.
2150 2808 2238 2873 Et
2270 2808 2512 2873 Romae
2542 2828 2779 2873 consu-

581 2908 709 2985 les,
731 2910 1088 2973 transactis
1115 2910 1337 2983 rebaS,
1365 2926 1522 2989 quae
1555 2908 1627 2971 in
1658 2910 1819 2972 urbe
1857 2909 2136 2991 agendae
2176 2916 2388 2986 erant,
2420 2911 2784 2975 movebant

571 3006 718 3091 Jam
751 3027 899 3071 sese
928 3008 1012 3071 ad
1043 3006 1311 3071 bellum.
1383 3006 1495 3071 Ti.
1525 3006 1964 3091 Sempronius
1991 3010 2317 3074 militibus
2348 3010 2734 3075 Sinuessam
2756 3006 2783 3045 ¹¹

583 3108 764 3176 diem
793 3108 880 3172 ad
910 3104 1434 3173 conveniendum
1459 3107 1707 3189 edixit3
1738 3116 1811 3173 et
1834 3108 1927 3189 Q.
1960 3109 2241 3188 Fabius,
2263 3112 2577 3176 consulto
2594 3113 2781 3195 prius

1495 3252 1799 3277 contemto
1804 3258 1859 3281 θ,

581 3340 711 3387 -18
745 3336 806 3387 In
838 3335 988 3387 abest
1025 3335 1092 3385 ab
1127 3334 1263 3385 Eud.
1299 3344 1422 3387 ante
1447 3334 1811 3389 Granum—14
1847 3338 1929 3389 ΑΙ.
1956 3344 2211 3403 pretorem
2230 3340 2340 3389 inde
2366 3340 2779 3389 Carneum—15

581 3400 669 3451 Al.
703 3404 1090 3465 oppressa—lo
1115 3400 1435 3463 Hampsicora
1460 3408 1516 3449 et
1535 3401 1815 3467 Δωρίωνα
1836 3404 2015 3467 optimi
2044 3402 2172 3451 Mss-
2202 3402 2467 3452 Har-sicem
2492 3403 2625 3452 Edd.
2648 3410 2779 3453 antt.

579 3468 709 3515 —12
743 3468 760 3495 ⁸
782 3464 920 3515 Edd.
959 3474 1084 3515 ante
1127 3464 1288 3513 Drak-
1325 3477 1426 3513 non
1463 3464 1595 3515 Mu.
1626 3474 1743 3529 pont
1776 3466 2126 3517 Hasdrubalem
2162 3468 2395 3517 inserunt
2422 3467 2578 3517 verba
2611 3482 2781 3529 cogno·

1569 3592 1789 3642 NOTAE

587 3693 598 3705 ⁸
645 3684 672 3718 ¹¹
705 3687 788 3737 Aa
828 3686 1074 3735 Piscinam
1113 3686 1372 3751 publicam]
1427 3686 1536 3737 Sub
1569 3686 1641 3736 A·
1721 3692 1869 3737 2400.
1916 3702 2031 3753 qnae
2076 3676 2273 3738 summa
2316 3688 2505 3740 millies
2550 3688 2777 3753 repetita

579 3762 795 3810 ventino
833 3760 974 3809 inter
1011 3760 1218 3810 Circum
1259 3763 1536 3810 maximnm
1585 3769 1640 3810 et
1720 3764 1869 3813 dabit
1904 3765 2020 3815 libr.
2052 3768 2298 3816 2400000.
2340 3766 2393 3814 id
2417 3774 2518 3829 est,
2536 3766 2694 3815 vicies
2724 3774 2777 3815 et

579 3836 794 3885 Portam
836 3836 1098 3899 Capenam
1143 3834 1244 3885 fnit
1282 3836 1392 3886 bure
1437 3836 1641 3885 Piscina
1720 3850 1902 3903 quater
1922 3848 2143 3889 centena
2166 3840 2339 3889 millia.

577 3912 766 3974 publica
785 3928 802 3961 .·
834 3926 866 3959 a
898 3926 998 3975 qua
1034 3922 1221 3959 nomen
1251 3910 1409 3961 Urbis
1443 3910 1639 3975 regioni
1784 3913 1809 3948 ἱ
1844 3916 2085 3965 Militibus
2134 3916 2437 3981 Sinuessam]
2494 3916 2778 3967 volonibus

583 3998 692 4037 xn-
715 3994 897 4049 postea
919 3984 1117 4035 datum.
1717 4004 1905 4055 nenipe
1924 4000 1978 4041 et
2012 3994 2167 4043 sociis
2201 3996 2287 4057 qui
2310 3994 2408 4058 ipsi
2433 3994 2515 4043 Ti.
2540 4000 2778 4059 Sempro·

647 4062 662 4095 ¹
695 4060 833 4111 Mille
873 4063 1064 4122 argenti
1099 4061 1303 4125 tolenea]
1353 4062 1638 4113 Dracbmas
1719 4068 1807 4116 nio
1828 4074 1968 4118 rorte
1993 4068 2283 4131 obtigerant
2307 4084 2322 4115 ε
2358 4083 2472 4117 nam
2500 4068 2637 4117 diem
2673 4068 2775 4133 pri·

581 4136 626 4185 si
670 4142 790 4185 octo
841 4135 1040 4185 assibus
1077 4138 1268 4187 nostris
1305 4140 1641 4205 animemus,
1719 4158 1799 4206 ns,
1832 4145 1895 4191 ad
1920 4142 2329 4193 conveniendum
2354 4144 2525 4205 Cales,
2546 4144 2776 4194 edixerat

582 4208 836 4259 talentum
853 4226 944 4261 sex
969 4212 1126 4262 millia
1143 4212 1497 4263 drachmarum
1517 4226 1637 4263 con·
1720 4218 2005 4279 legionibus
2037 4217 2265 4273 urbanis,
2306 4218 2372 4267 ad
2415 4233 2543 4283 quas
2582 4218 2773 4268 deinde

581 4286 766 4351 tineus,
805 4289 1147 4352 respondebit
1189 4290 1340 4341 libris
1373 4290 1639 4341 Francicis
1721 4292 2053 4355 accipiendas
2076 4293 2258 4343 mium
2278 4294 2357 4343 M.
2378 4294 2677 4345 Marcellus.
