3159 4934
1078 448 1222 496 ma.
1270 442 1513 498 xxm.
1562 445 1725 494 car.
1765 429 1874 494 26.
2391 429 2564 495 193⁵

354 587 453 659 'de
479 593 744 674 integro
763 589 1013 655 rernm*
1038 591 1325 674 perculit
1355 585 1507 656 euni
1540 591 1994 676 praefectorum
2021 587 2290 653 navium
2321 589 2561 652 transi-

360 697 481 772 tio,
511 693 664 778 qni,
698 698 855 775 post
902 693 1192 758 classem
1245 693 1330 758 ad
1380 694 1642 758 Iberum
1691 712 1809 777 per
1857 709 2179 775 pavorem
2224 688 2558 754 desertam

356 797 655 876 graviter
702 793 1036 877 increpiti,
1067 813 1405 877 nunquam
1454 794 1692 859 deinde
1737 793 1902 858 satis
1930 792 2048 856 fidi
2090 797 2206 856 aut
2243 790 2400 854 duci
2441 795 2558 855 aut

356 895 1012 977 Carthaginiensium
1067 898 1263 960 rebus
1319 897 1598 962 fuerant.
1689 895 2014 960 Fecerant
2063 893 2132 956 bi
2190 891 2553 974 transfugae

356 1004 614 1062 motum
648 997 717 1060 in
754 995 1221 1078 Carpesiorum
1244 997 1268 1036 ⁸
1301 1005 1543 1077 gente:
1570 996 2118 1079 desciverantque
2148 995 2234 1057 iis
2264 993 2553 1057 auctori-

354 1100 490 1162 bus
522 1098 729 1163 urbes
760 1097 1062 1181 aliquot:
1109 1117 1246 1162 una
1274 1098 1475 1163 etiam
1508 1099 1596 1162 ab
1627 1099 1800 1181 ipsis
1829 1099 1897 1161 vi
1926 1102 2128 1179 capta
2157 1095 2393 1158 fuerat.
2466 1094 2552 1159 In

352 1219 510 1264 eam
555 1207 815 1280 gentem
857 1218 1114 1262 versum
1166 1200 1253 1263 ab
1303 1198 1630 1263 Romanis
1677 1199 1918 1262 bellum
1971 1205 2118 1277 est3
2167 1196 2552 1278 infestoque

350 1303 657 1365 exercitu
706 1299 1091 1365 Hasdrubal
1134 1301 1474 1382 ingressus
1522 1321 1754 1382 agrum
1799 1299 2108 1376 hostium,
2157 1318 2276 1382 pro
2324 1305 2548 1380 captae

350 1410 509 1466 ante
538 1401 688 1465 dies
716 1419 979 1484 paucos
1008 1402 1195 1464 urbis
1224 1403 1580 1478 moenibus,
1609 1401 1992 1478 Chalbum,⁹
2013 1409 2033 1438 ⁸
2063 1401 2354 1465 nobilem
2385 1399 2549 1463 Car-

348 1505 690 1586 pesiorum
732 1503 987 1580 ducem,
1018 1513 1172 1567 cum
1206 1502 1434 1568 valido
1490 1504 1786 1568 exercitu
1839 1503 2084 1568 castris
2124 1501 2278 1566 sese
2322 1508 2546 1565 tenen-

350 1611 566 1680 tem,¹⁰
593 1603 861 1686 aggredi
890 1605 1147 1668 statuit.
1239 1603 1603 1668 Praemissa
1633 1605 1834 1682 igitur
1857 1603 1988 1666 levi
2008 1609 2366 1677 armatura,
2393 1621 2547 1684 quae

348 1705 623 1770 eliceret
667 1705 897 1768 hostes
946 1705 1035 1768 ad
1064 1709 1484 1782 certamen,¹¹
1516 1705 1812 1788 peditum
1844 1711 2094 1786 partem
2127 1703 2214 1767 ad
2245 1702 2549 1784 depopu-

344 1805 625 1870 landum
673 1823 791 1888 per
836 1823 1034 1888 agros
1078 1805 1333 1888 passim
1378 1805 1652 1881 dimisit,
1684 1812 1757 1869 ut
1787 1805 2098 1888 palantes
2125 1804 2543 1888 exciperent.

346 1907 563 1970 Simul
611 1911 679 1971 et
706 1906 792 1970 ad
838 1913 1063 1972 castra
1110 1908 1433 1971 tumultus
1474 1905 1660 1984 erat,t
1687 1911 1756 1970 et
1789 1926 1908 1989 per
1935 1925 2132 1989 agros
2161 1906 2446 1992 fug-aque
2475 1912 2546 1972 et

345 2006 611 2089 coedes3
662 2006 899 2071 deiude
920 2006 1213 2089 undique
1240 2006 1529 2071 diversis
1552 2007 1903 2072 itineribus
1933 2026 2082 2073 cum
2113 2009 2180 2072 in
2211 2015 2435 2073 castra
2463 2029 2540 2072 se

340 2109 781 2192 recepissent,
810 2105 985 2173 adeo
1014 2114 1285 2190 repente
1318 2107 1618 2172 decessit
1649 2109 1886 2172 animis
1926 2127 2163 2192 pavor,
2196 2115 2268 2174 ut
2289 2128 2420 2172 non
2451 2109 2540 2173 ad

343 2303 423 2418 m:
438 2305 825 2419 ἕσσει-*κάκκας
848 2307 899 2354 ia
925 2305 1164 2369 Hispania
1184 2306 1321 2370 bello,
1340 2321 1447 2357 eam
1467 2307 1526 2356 de
1545 2319 1666 2356 novo
1682 2305 1855 2366 πηίου-ί
1875 2305 1926 2356 oi
1943 2311 2085 2370 atque
2105 2307 2282 2370 impeta
2293 2305 2537 2368 agitanda

1256 2463 1628 2486 ‘mauu

332 2593 451 2629 -ox
474 2593 569 2643 pro
706 2581 739 2629 d
760 2579 812 2628 in
834 2577 968 2629 Edd.
992 2585 1109 2629 ante
1134 2579 1287 2629 Crev.
1312 2579 1502 2640 legitur
1524 2580 1720 2629 συί-8
1752 2579 1769 2608 ‘
1784 2579 1866 2628 Ita
1900 2577 2034 2629 Edd.
2075 2579 2310 2642 Mogont.
2333 2578 2455 2656 AJd.
2477 2586 2534 2630 et

330 2643 1011 2772 „mmm
962 2643 2052 2773 Edu-,rw
2075 2644 2534 2758 simei.-

1324 2836 1373 2886 Ν
1382 2835 1547 2887 ΟΤΕ

390 2941 413 2967 ¹
448 2931 510 2981 Ῑιι
555 2932 887 2996 Gai-perieram
920 2933 1089 2998 gente]
1136 2932 1387 2998 Polybius
1468 2947 1595 2982 nere
1619 2949 1635 2982 ε
1681 2931 1815 2982 unde
1859 2944 1959 2980 non
2005 2945 2141 2994 agre
2181 2929 2430 2995 adducar,
2473 2938 2534 2982 ut

328 3009 607 3072 Carpesia·
622 3007 756 3058 dixit
774 3024 867 3072 pro
884 3009 1221 3074 Carpetanis3
1246 3023 1385 3058 eum·
1469 3010 1798 3074 Carpesioram
1813 3009 1986 3074 potius
2000 3008 2268 3072 retineam,
2279 3008 2388 3058 sive
2404 3008 2532 3058 Car·

327 3100 431 3150 qne
454 3086 603 3150 sequi
626 3089 795 3148 potuit
816 3086 1004 3136 Livius.
1085 3085 1187 3136 Sed
1208 3086 1384 3136 melio·
1464 3095 1790 3150 polanorum,
1819 3087 1990 3148 gentis
2025 3086 2334 3150 potentioris
2367 3086 2528 3148 pluri·

326 3174 414 3210 rea
446 3160 653 3209 codiee·
690 3160 884 3210 liabent
910 3161 1280 3222 creauimus,
1302 3162 1383 3211 vel
1466 3161 1663 3227 busque
1679 3163 1885 3227 oppidis
1901 3161 2210 3226 frequentis,
2235 3176 2386 3224 quam
2409 3162 2530 3210 Tar·

330 3235 696 3294 Tartessiorum,
732 3249 948 3300 qnorum
990 3237 1113 3286 urbs
1154 3237 1383 3288 Carteia.

326 3313 415 3362 De
438 3313 667 3376 atriaque
680 3311 791 3374 jam
815 3310 1031 3362 dictum.
1101 3313 1167 3361 Et
1192 3313 1384 3376 Carpe·

324 3389 431 3437 tani
456 3387 683 3452 quidem,
708 3401 923 3451 quorum
946 3395 1106 3450 caput
1125 3387 1386 3451 Toletum,

326 3463 484 3513 Ibero
508 3462 796 3526 propiores,
819 3477 853 3512 a
886 3477 989 3526 quo
1010 3463 1142 3512 hand
1167 3464 1382 3512 multum

322 3538 587 3588 exereitus
606 3547 711 3586 tam
731 3537 1075 3586 Romamrnm
1098 3552 1245 3602 quarn
1260 3539 1381 3588 Ρω-

324 3626 507 3661 norum
529 3610 756 3662 abfuisse
789 3612 978 3662 suadet
1002 3613 1240 3662 Auctoris
1264 3627 1380 3661 nar-

318 3689 470 3738 ratio.
539 3689 609 3738 Et
644 3689 843 3751 longius
875 3703 906 3738 a
930 3689 1173 3739 Romanis
1197 3688 1379 3740 dissita

322 3763 550 3820 Carteia,
590 3764 1032 3828 intermedinsque
1082 3765 1378 3815 Hasdrubal

322 3841 452 3890 verti
476 3839 530 3888 in
552 3853 666 3889 eam
692 3846 889 3902 partem
914 3837 1103 3889 bellum
1130 3855 1161 3889 a
1196 3841 1380 3890 Roma-

320 3917 399 3967 nis
420 3930 521 3965 non
547 3915 699 3966 facile
720 3915 921 3966 sinebat
945 3933 959 3964 ε
986 3930 1085 3965 nee
1102 3923 1244 3966 tanta
1263 3924 1380 3966 erat

315 3991 688 4042 Tartessiorum
722 4004 871 4055 gens,
908 3991 996 4056 qui
1034 4005 1153 4054 pars
1174 3991 1379 4040 Turde-

314 4077 553 4118 tanorum
591 4068 703 4116 sive
744 4067 1019 4124 Olcadum,
1052 4068 1379 4132 quemadmo-

314 4143 437 4194 διι-
465 4157 557 4192 eoa
578 4143 774 4193 Noster
796 4143 1031 4206 appellat
1058 4143 1149 4192 lib.
1174 4155 1293 4192 xxi.
1318 4151 1379 4193 ut

313 4234 378 4270 ex
410 4231 476 4267 ea
496 4218 675 4281 plnres
700 4231 731 4266 a
753 4215 1263 4282 Carthaginiensibus
1289 4231 1374 4265 ur·

310 4297 401 4348 bes
424 4293 656 4344 delicere
680 4295 915 4358 possent,
933 4293 1047 4344 aliae
1072 4295 1124 4344 in
1148 4292 1251 4344 fide
1270 4307 1377 4344 ma·

1466 3241 1740 3288 teos-ieram.-
1789 3239 1884 3287 nisi
1925 3239 2204 3287 Sausonem
2235 3237 2381 3302 sequi
2417 3239 2527 3302 pla-

1466 3320 1604 3374 ceat,
1625 3310 1759 3375 apud
1793 3327 1944 3377 quem
1969 3314 2020 3361 in
2041 3313 2236 3362 Tabula
2260 3313 2526 3376 Hispaniae

1465 3387 1657 3438 veteris
1689 3395 1704 3416 ·
1730 3387 1942 3437 Carteia
1967 3387 2257 3443 olendum:
2279 3396 2524 3451 tanquam

1464 3465 1618 3528 longe
1642 3463 1849 3512 diversa
1870 3463 1938 3512 ab
1959 3477 2026 3512 ea
2057 3477 2206 3525 qnam
2244 3463 2295 3511 in
2320 3462 2524 3512 Baetica

1462 3540 1599 3605 apud
1635 3539 1921 3590 Tartessius
1962 3537 2026 3587 ad
2070 3536 2262 3588 fretum
2300 3537 2523 3588 Gadita·

1460 3631 1581 3666 uum
1629 3626 1804 3666 omnes
1850 3619 2062 3674 norunt,
2100 3614 2349 3663 statuitur
2381 3614 2521 3664 inter

1455 3693 1650 3755 Tagum
1691 3698 1747 3739 et
1779 3690 2058 3750 Valeriam,
2085 3689 2172 3738 ubi
2208 3703 2346 3740 nnnc
2383 3691 2520 3742 Hor-

1456 3767 1644 3828 cqiodo,
1677 3766 1728 3815 ui
1755 3764 1926 3824 fallor,
1949 3768 1999 3814 in
2023 3765 2430 3830 Carpetanorum
2463 3773 2521 3818 et

1460 3843 1835 3891 Celtiberorum
1861 3839 2101 3890 continio.

1528 3925 1546 3951 ⁸
1576 3916 1806 3965 Chalbum
1847 3915 2104 3980 [Galbam]
2139 3914 2341 3979 Optimi
2368 3917 2513 3967 Chat-

1520 4069 1537 4100 2
1568 4069 1639 4116 Et
1659 4069 1724 4116 ed
1744 4072 1898 4117 eoam
1921 4065 2149 4116 amntem
2165 4066 2294 4130 eret]
2329 4067 2513 4117 Castra

1454 4143 1706 4208 intellige,
1764 4143 2115 4207 Hispanorum
2161 4143 2248 4207 qni
2303 4142 2512 4194 defece·

1455 4224 1590 4267 rant.
