3159 4934
1092 376 1237 425 ms.
1286 375 1515 426 xxvr.
1564 377 1728 426 cap.
1783 361 1848 426 8.
2383 361 2560 427 2179

337 523 447 588 ad
480 521 693 587 Urbis
721 517 1119 604 praesidium
1154 521 1567 587 revocabat!
1643 521 1904 585 Fabius
1929 517 2296 595 Maximus,
2323 519 2554 585 absce-

336 625 427 690 di
463 644 504 689 a
534 623 803 707 Capua,
836 622 1201 706 terrerique
1231 629 1304 687 et
1334 623 1692 705 circumagi
1727 622 1812 688 ad
1849 628 2050 688 nutus
2093 622 2558 686 commiuatio-

338 744 610 809 nesque
642 724 1077 801 Hannibalis,
1106 723 1515 806 flagitiosum
1546 725 1856 789 ducebat.
1930 728 1950 760 ‘
1972 722 2111 801 Qui
2159 722 2244 788 ad
2289 724 2558 789 Cannas

338 827 581 892 victor
609 827 704 890 ire
734 833 957 890 tamen
988 824 1077 888 ad
1106 824 1365 891 Urbem
1397 845 1610 891 ausus
1641 845 1770 890 non
1799 832 2008 902 esset,
2041 844 2217 903 eum,
2249 845 2290 888 a
2319 825 2562 908 Capua

344 929 725 1011 repulsum,
758 947 949 1010 spem
979 927 1329 1010 potiundae
1360 928 1549 991 urbis
1581 926 1826 993 Romae
1855 928 2204 1009 cepisse'l‘
2282 925 2448 992 Non
2473 928 2562 992 ad

348 1030 657 1095 Romam
698 1027 1163 1107 obsidendam,
1192 1027 1314 1092 sed
1358 1028 1461 1102 ad⁸
1492 1029 1766 1112 Capuae·
1800 1028 2212 1093 liberandam
2264 1030 2564 1096 obsidio·

346 1127 635 1208 nem,²⁰¹¹
664 1130 783 1194 ire.
851 1128 1145 1194 Romam
1165 1148 1323 1194 cum
1340 1149 1421 1193 eo
1444 1127 1828 1208 exercitu,²i
1858 1131 1976 1214 qui
2001 1129 2087 1193 ad
2109 1131 2338 1194 urbem
2355 1138 2562 1209 esset,

348 1230 403 1296 J
409 1251 631 1308 ovem,
671 1230 997 1296 foederum
1032 1236 1377 1313 ruptorum
1410 1232 1499 1294 ab
1532 1231 1916 1296 Hannibale
1947 1237 2210 1310 testem,
2241 1231 2564 1317 Deosque

352 1334 533 1398 alios
556 1332 951 1398 defensuros
973 1333 1164 1396 esse-⁹
1256 1331 1410 1396 Has
1433 1333 1736 1398 diversas
1768 1334 2138 1399 sententias
2165 1334 2387 1399 media
2417 1355 2564 1399 sen-

356 1435 571 1500 tentia
592 1434 678 1500 P.
699 1433 963 1500 Valerii
988 1433 1225 1498 Flacci
1244 1435 1409 1498 vicit
1428 1455 1447 1514 3
1490 1436 1633 1518 qui,
1658 1436 2008 1519 utriusque
2029 1437 2124 1499 rei
2145 1455 2420 1511 memor,
2442 1437 2567 1500 im-

356 1536 817 1619 peratoribus,
859 1535 977 1619 qui
1023 1534 1111 1600 ad
1158 1533 1465 1618 Capuam
1512 1543 1765 1613 essent,
1811 1537 2238 1602 scribendum
2273 1540 2565 1602 censuit:

360 1643 384 1672 ‘
414 1635 605 1715 Quid
624 1635 707 1701 ad
732 1635 982 1702 Urbem
1006 1636 1301 1720 praesidii
1322 1644 1525 1714 esset,
1546 1642 1828 1721 quantas
1845 1645 2066 1701 autem
2089 1638 2429 1703 Hannibal
2449 1659 2567 1704 co·

260 1782 287 1806 ⁴
360 1739 525 1823 pias
546 1737 836 1814 duceret,
852 1743 971 1802 aut
1013 1742 1265 1821 quanto
1304 1737 1606 1802 exercitu
1649 1736 1736 1802 ad
1781 1737 2086 1822 Capuam
2129 1738 2568 1805 obsidendam

364 1859 541 1924 opus
560 1844 767 1917 esset,
785 1840 978 1923 ipsos
997 1841 1195 1903 scire.
1280 1837 1355 1903 Si
1376 1847 1441 1904 et
1465 1838 1758 1904 Romam
1785 1860 1823 1903 e
1843 1840 2131 1904 ducibus
2150 1841 2336 1919 alter,
2359 1849 2428 1906 et
2449 1859 2570 1906 ex-

366 1942 622 2006 ercitus
641 1959 801 2024 pars
817 1941 985 2004 mitti
1007 1947 1268 2024 posset,
1288 1946 1366 2003 ut
1384 1940 1470 2005 ab
1491 1941 1750 2025 reliquo
1770 1947 1837 2005 et
1853 1939 2024 2005 duce
2041 1948 2106 2005 et
2121 1943 2422 2007 exercitu
2444 1943 2572 2008 Ca·

370 2061 507 2126 pua
533 2049 709 2106 recte
730 2041 1187 2120 obsidet-etun
1218 2042 1390 2106 inter
1413 2060 1489 2105 se
1510 2049 1971 2124 compararent
1989 2042 2313 2107 Claudius
2339 2044 2572 2108 Fulvi·

368 2143 750 2228 usque,utri
772 2141 1147 2206 obsidenda
1162 2141 1429 2224 Capua,
1448 2143 1601 2219 utri,
1621 2142 1708 2206 ad
1727 2142 2204 2226 prohibendam
2225 2146 2572 2210 obsidione

375 2245 690 2327 patriam,
722 2243 1015 2308 Romam
1041 2242 1439 2309 veniendum
1468 2239 1696 2308 esset.’
1766 2241 1928 2308 Hoc
1961 2251 2240 2308 senatus
2270 2248 2573 2312 consulto

377 2344 683 2432 Capuam
732 2345 1015 2429 perlato,
1068 2344 1158 2423 Q.
1209 2345 1495 2410 Fulvius
1549 2346 1937 2428 proconsul,
1990 2348 2124 2425 cui,
2178 2347 2433 2430 collega
2480 2369 2574 2416 ex

379 2448 652 2514 vnlnere
690 2468 897 2532 aegro,
926 2448 1215 2513 eundum
1249 2448 1536 2512 Romam
1576 2453 1738 2526 erat,
1779 2465 1818 2509 e
1857 2447 2071 2512 tribus
2111 2450 2522 2516 exercitibus
2545 2447 2574 2488 ¹³

357 2550 587 2613 ‘milite
616 2551 857 2628 electo,
887 2549 975 2614 ad
1006 2548 1394 2634 quindecim
1446 2547 1659 2611 millia
1706 2545 2032 2629 peditum,
2073 2549 2256 2612 mille
2287 2551 2575 2632 equites,

381 2647 785 2717 Vulturnum
834 2652 1150 2717 traducit.
1240 2648 1411 2713 Inde
1456 2668 1612 2713 cum
1655 2649 2104 2714 Hannibalem
2145 2649 2394 2715 Latina
2423 2649 2574 2716 via¹

439 2793 469 2827 P
505 2786 735 2836 Ceu-rebat
755 2801 913 2836 omnes
934 2786 1242 2847 imperatores
1262 2790 1313 2835 et
1332 2782 1489 2844 copias
1510 2797 1573 2831 ex
1591 2782 1817 2830 uniuersa
1838 2782 1988 2830 Italia
2011 2781 2224 2830 ret-oevi
2242 2781 2431 2844 debere,
2445 2787 2500 2831 ue
2515 2785 2578 2832 aa

386 2853 603 2899 mnam
622 2853 783 2899 urbem
814 2849 1102 2913 confluerent
1116 2865 1133 2896 .·
1164 2862 1315 2912 neque
1333 2847 1564 2896 rationem
1585 2845 1784 2895 habebat
1805 2847 1880 2896 κδ
1901 2845 2167 2894 obsidenda
2189 2847 2383 2910 Capua,
2403 2850 2478 2896 tel
2498 2863 2579 2897 cn-

376 2912 595 2977 juquam
616 2915 820 2965 alterius
839 2915 931 2964 rei.

1296 3005 1660 3028 OOOOOOOOOOOO

449 3111 515 3157 2⁰
547 3114 562 3136 ‘
586 3105 670 3157 Ita
692 3107 870 3172 optimi
898 3107 1023 3157 Mu.
1054 3121 1147 3172 pro
1171 3107 1308 3170 vulg.
1341 3109 1401 3155 ad
1430 3109 1642 3170 Capuam
1671 3106 1958 3156 liba-andam
1981 3104 2252 3156 obsidione!
2290 3104 2580 3169 Kapan-t.—

452 3301 475 3334 f
502 3303 595 3352 Cui
616 3301 779 3350 Asine
808 3315 1061 3364 cognomen
1094 3299 1224 3364 erat]
1256 3299 1310 3350 1⁸
1334 3217 1674 3349 fune-(JTffi-nm
1695 3298 1780 3348 hic
1803 3297 1992 3348 fefellit
2019 3312 2180 3358 prava
2198 3298 2546 3363 interpunctio
2565 3319 2580 3350 ι

395 3386 471 3426 rat
492 3378 668 3426 consul
686 3384 810 3426 ante
834 3391 993 3425 annos
1016 3374 1179 3424 ferme
1204 3378 1284 3423 1³.
1526 3374 1704 3437 itaque
1723 3373 1867 3436 legit,
1882 3373 1956 3420 ire
1971 3372 2154 3421 obuiam
2167 3385 2270 3420 cun
2286 3387 2338 3420 co
2351 3376 2583 3436 exercitu,

455 3463 479 3498 t
510 3453 766 3503 Potimdoe
780 3451 913 3500 urbis
934 3452 1096 3500 Roma
1116 3449 1446 3514 cepim1Ne·
1525 3451 1608 3512 &a
1671 3449 1776 3500 Sed
1812 3462 1915 3512 quo
1947 3445 2144 3496 referet
2170 3448 2300 3497 illud
2330 3449 2433 3498 ire?
2467 3467 2584 3502 nam

400 3537 485 3594 gat
529 3544 623 3593 per
654 3529 1108 3591 interrogationem
1146 3527 1215 3577 ab
1247 3527 1447 3577 Hauni-
1530 3527 1728 3590 reliqna
1766 3523 2002 3587 pendent.
2034 3523 2101 3573 ab
2133 3538 2196 3572 oo
2221 3524 2356 3588 quod
2381 3525 2588 3590 subjici·

402 3608 506 3664 bale
526 3606 733 3670 concipi
755 3619 898 3668 spem
925 3613 1047 3652 tunc
1068 3603 1315 3666 potuisse,
1337 3603 1449 3653 fore
1530 3609 1638 3660 tur,
1680 3601 1848 3648 dotem
1889 3599 2105 3661 Deosque
2154 3599 2275 3646 ulios
2317 3597 2588 3658 defensuros

401 3694 452 3734 ut
474 3685 596 3733 urbe
617 3683 891 3747 potiretur,
912 3694 1003 3730 sen
1028 3687 1085 3729 ut
1102 3679 1279 3730 urbem
1299 3693 1451 3744 cape-
1531 3676 1748 3724 Romam.

407 3769 493 3808 ret.
1595 3749 1620 3783 ¹⁵
1657 3749 1828 3798 nibus
1847 3746 2158 3810 exercitibus]
2191 3749 2314 3806 Sno,
2335 3749 2516 3818 Appii,
2530 3762 2587 3805 et

466 3831 489 3865 Ι·
520 3833 600 3881 Aa
630 3833 806 3894 Cupite
836 3833 1127 3882 liberandum
1169 3830 1453 3881 obsidionem
1532 3827 1773 3877 Neronis.
1795 3825 1968 3887 Supra
1989 3838 2106 3886 cap.
2129 3830 2180 3874 5.

408 3906 635 3974 [Capuam
656 3908 946 3957 liberandam
967 3905 1226 3968 obsidione]
1259 3905 1323 3956 In
1348 3919 1451 3956 mg.-
1595 3901 1611 3936 ¹
1645 3900 1820 3950 Latina
1849 3899 1952 3962 via]
1976 3898 2025 3949 A
2057 3907 2212 3962 porta
2234 3901 2421 3950 Latina
2445 3903 2587 3955 urhis

408 3982 605 4033 lioribus
639 3983 925 4044 codicibus,
954 3985 1017 4032 od
1043 3983 1220 4046 Capua
1250 3981 1452 4032 liberan-
1531 3979 1712 4028 Romo
1757 3989 1851 4039 per
1883 3973 2263 4025 mediterranea
2297 3977 2453 4038 Latii,
2491 3979 2590 4026 Ca.

410 4057 839 4112 danoboidionems
870 4073 970 4120 quo
1000 4057 1243 4122 loquendi
1264 4071 1456 4121 genere
1533 4053 1700 4103 sinum
1739 4065 1898 4116 usque
1932 4048 2138 4100 ferebat
2177 4050 2257 4098 via
2280 4051 2496 4100 Latina:
2535 4060 2592 4105 ιιι

413 4141 632 4186 nostrum
657 4133 778 4182 alibi
804 4147 945 4182 usum
970 4133 1261 4184 Gronovius
1282 4141 1455 4182 osten·
1536 4128 1710 4191 Appia
1754 4142 1786 4176 a
1829 4133 1982 4190 porta
2026 4125 2255 4188 Capena,
2297 4123 2460 4175 ferme
2495 4143 2592 4192 per

418 4211 507 4260 dit.
1536 4206 1678 4256 Latii
1701 4206 1819 4255 loca
1854 4204 1983 4254 mari
2019 4205 2264 4266 propiora
2296 4203 2348 4252 in
2374 4205 2590 4271 Campa·

474 4286 488 4324 ¹
514 4285 616 4338 Ire.
676 4285 871 4336 Rom
888 4297 993 4334 eun
1010 4295 1065 4334 oo
1086 4283 1325 4348 exercitu]
1360 4283 1456 4334 Fa·
1535 4280 1694 4346 niam,
1712 4285 1870 4344 atque
1892 4277 2012 4328 inde
2032 4275 2398 4329 Brundusium.
