3159 4934
540 370 715 440 2156
1489 384 1558 433 r.
1609 382 1802 431 mvn

546 534 822 609 unisset,
846 531 915 595 ni
963 534 1230 597 cruenta
1269 532 1462 593 scuta
1506 526 1966 593 Romanorum
2005 524 2177 601 visa,
2207 521 2536 587 indicium
2571 522 2740 588 alte-

544 636 685 700 rins
726 632 946 697 cladis
992 630 1251 709 Poenis,
1291 636 1495 713 atque
1530 629 1689 695 inde
1732 646 2048 711 pavorem
2095 626 2507 710 injecissent.
2596 622 2739 689 Hic

546 744 755 801 terror
798 737 865 799 in
914 733 1141 815 fugam
1188 733 1469 797 avertit*
1516 750 1789 810 omnes;
1852 728 2207 812 effusique,
2254 748 2388 812 qua
2437 728 2567 792 iter
2613 734 2742 806 est,

548 839 674 903 nisi
703 856 880 920 quos
920 835 1147 901 caedes
1178 834 1535 918 oppressit,
1567 837 1906 896 exuuntur
1935 830 2199 894 castris.
2288 829 2402 894 Ita
2435 836 2630 894 nocte
2660 848 2744 893 ac

550 938 660 1003 die
682 946 704 985 ⁵
748 939 906 1001 bina
936 944 1155 1001 castra
1179 938 1472 1001 hostium
1504 941 1896 1019 expugnata
1925 932 2128 996 ductu
2161 930 2245 995 L.
2279 932 2540 996 Marcii.
2631 929 2744 994 Ad

550 1040 810 1121 triginta
846 1047 1107 1122 septem
1152 1038 1365 1102 millia
1401 1036 1697 1100 hostium
1744 1053 1949 1112 caesa‚
1979 1039 2216 1097 auctor
2259 1039 2364 1096 est
2398 1030 2745 1110 Claudius,

552 1143 669 1225 qui
718 1141 993 1208 annales
1038 1136 1437 1204 Acilianos*
1474 1156 1564 1202 ex
1612 1135 1858 1201 Groeco
1905 1136 1971 1199 in
2019 1134 2330 1199 Latinum
2369 1152 2746 1198 sermonem

550 1239 830 1307 vertit2⁶
874 1244 1113 1324 captos
1156 1240 1245 1305 ad
1286 1239 1470 1305 mille
1507 1238 1926 1320 octingentos
1953 1236 2261 1317 triginta:
2309 1235 2610 1319 praedam
2650 1236 2750 1299 in·

554 1349 820 1426 gentem
866 1350 1151 1426 partam.
1240 1340 1323 1407 In
1366 1362 1452 1407 ea
1487 1341 1698 1405 fuisse
1745 1339 2055 1424 clypeum
2097 1346 2479 1420 argenteum
2517 1336 2748 1419 pondo

555 1452 825 1509 centum
874 1445 1141 1527 triginta
1184 1451 1389 1521 octo,⁸
1436 1462 1586 1507 cum
1633 1442 1922 1524 imagine
1963 1440 2234 1506 Barcini
2279 1438 2750 1504 Hasdrubalis.

553 1542 869 1610 Valerius
916 1545 1163 1611 Antias
1200 1563 1337 1608 una
1380 1551 1607 1607 castra
1650 1540 1975 1623 Magonis
2013 1547 2211 1623 capta
2241 1537 2465 1617 tradit,
2495 1545 2751 1622 septem

556 1646 769 1711 millia
811 1666 999 1712 caesa
1041 1647 1327 1711 hostium
1350 1666 1367 1705 t
1388 1652 1413 1695 ⁷
1464 1646 1674 1710 altero
1718 1645 1978 1729 praelio,
2011 1643 2354 1727 eruptione
2382 1648 2754 1725 pugnatum

558 1766 712 1811 cum
742 1747 1212 1813 Hasdrubale:
1256 1747 1492 1811 decem
1522 1746 1737 1809 millia
1775 1746 2028 1823 occisa,
2059 1747 2352 1827 quatuor
2389 1741 2600 1806 millia
2630 1748 2755 1805 tre·

561 1856 793 1913 centos
822 1850 1083 1930 triginta
1114 1854 1379 1930 captos.
1458 1846 1628 1910 Piso
1657 1848 1946 1929 quinque
1973 1844 2186 1908 millia
2207 1843 2575 1921 hominum,
2599 1860 2758 1907 cum

562 1948 773 2029 Mago
821 1949 1130 2013 cedentes
1162 1955 1434 2011 nostros
1478 1947 1686 2010 effuse
1723 1954 2132 2032 sequeretur,
2163 1966 2348 2011 caesa
2375 1966 2458 2009 ex
2489 1944 2760 2007 insidiis

562 2049 816 2113 scribit.
904 2048 1109 2131 Apud
1154 2068 1387 2113 omnes
1438 2068 1752 2131 magnum
1799 2068 2035 2114 nomeu
2089 2048 2336 2113 Marcii
2385 2046 2582 2111 ducis
2629 2053 2758 2111 est.

563 2148 655 2213 Et
699 2168 876 2213 verae
922 2150 1149 2231 gloriae
1192 2149 1341 2233 ejus
1384 2150 1581 2213 etiam
1629 2151 1948 2215 miracula
1989 2148 2280 2213 addunt:
2327 2146 2662 2213 flammam
2693 2148 2758 2213 ei

564 2249 989 2313 concionanti
1018 2248 1241 2312 susam
1273 2268 1311 2312 e
1351 2248 1627 2333 capite,¹’
1655 2250 1804 2315 sine
1831 2252 2055 2335 ipsius
2081 2268 2310 2327 sensu,
2339 2269 2492 2313 cum
2519 2267 2762 2330 magno

563 2368 813 2431 pavore
858 2349 1422 2413 circumstantium
1473 2350 1781 2414 militum.
1870 2351 2500 2436 Monumentumque
2547 2352 2762 2416 victo-

564 2450 685 2515 πίω
727 2449 873 2531 ejus
910 2448 994 2512 de
1040 2450 1293 2527 Poenis,
1323 2468 1540 2532 usque
1581 2451 1670 2515 ad
1707 2452 2052 2516 incensum
2081 2452 2518 2536 Capitolium,
2549 2453 2762 2517 fuisse

566 2553 636 2615 in
686 2550 943 2633 templo
993 2551 1320 2635 clypeum,
1377 2551 1712 2617 Marcium
1775 2554 2211 2637 appellatum,
2265 2572 2418 2617 cum
2471 2555 2763 2636 imagine

568 2651 1049 2717 Hasdrubalis.
1138 2650 1411 2730 Quietae
1452 2653 1690 2717 deinde
1737 2653 2150 2738 aliquamdiu
2188 2655 2258 2719 in
2287 2654 2630 2737 Hispania
2657 2674 2768 2719 res

567 2752 780 2829 suere,
820 2754 1146 2835 utrisque,
1188 2762 1351 2834 post
1396 2759 1614 2818 tantas
1660 2760 1983 2839 acceptas
2027 2754 2096 2817 in
2137 2756 2354 2819 vicem
2402 2756 2766 2839 illatasque

570 2852 825 2929 clades,
857 2855 1335 2917 cunctantibus
1366 2854 1734 2936 periculum
1770 2874 2048 2919 summae
2079 2874 2294 2919 rerum
2322 2855 2560 2920 facere.

654 2954 765 3017 40.
815 2954 998 3017 Dum
1046 2953 1196 3017 haec
1245 2954 1314 3017 iu
1363 2954 1696 3037 Hispania
1751 2962 2081 3036 geruntur,
2127 2954 2492 3021 Marcellus
2545 2959 2772 3042 captis

1488 3098 1853 3121 eenoeoeoooo

574 3200 673 3243 —4
708 3193 789 3245 ΑΙ.
820 3196 953 3245 Hinc
986 3202 1039 3245 et
1074 3198 1329 3247 mia—6
1369 3198 1449 3247 Ie«
1480 3203 1622 3249 nocte·
1647 3203 1697 3248 et
1729 3200 1824 3248 die.
1861 3198 1981 3247 Vct.
2016 3198 2107 3248 lib.
2139 3199 2295 3262 Atque
2325 3200 2399 3250 ita
2429 3204 2566 3249 nocte
2597 3204 2643 3249 et
2673 3198 2782 3247 die..

575 3258 851 3321 δίψει-6
886 3260 1003 3309 Vct.
1025 3262 1113 3310 lib.
1135 3261 1274 3324 apud
1302 3264 1543 3323 eundem,
1564 3279 1628 3312 ex
1651 3262 1824 3312 Groeco
1843 3278 2054 3313 sermone
2074 3264 2337 3314 certia—7
2374 3264 2492 3315 Vct.
2513 3264 2602 3314 lib.
2628 3263 2772 3328 apud

572 3324 726 3373 eund.
743 3330 919 3387 septen
934 3325 1251 3385 milliasam
1272 3340 1395 3375 ema
1416 3327 1641 3376 hortium.

1564 3422 1786 3473 NOTAE

636 3524 659 3551 ⁸
690 3518 903 3568 Annales
942 3517 1210 3581 Acilianos]
1276 3520 1343 3571 Q.
1388 3518 1634 3569 claudiu-
1715 3520 1824 3582 bat,
1847 3521 2052 3582 argenti
2075 3521 2189 3583 ejus
2213 3521 2436 3585 pretium
2473 3534 2608 3571 nunc
2631 3528 2773 3571 estet

576 3594 971 3657 Quadrigarius.
998 3596 1145 3658 cnjus
1182 3608 1321 3645 nunc
1342 3596 1359 3622 ‘
1381 3595 1638 3645 Annalen'
1713 3596 1892 3644 librar.
1919 3596 2280 3647 From-icarum
2305 3596 2468 3646 ferme
2489 3602 2636 3647 4968.

574 3680 712 3715 nuuc
731 3669 746 3693 ‘
770 3666 1056 3723 Historia?
1080 3683 1215 3717 nunc
1246 3670 1263 3697 ⁶
1290 3669 1634 3718 Romanorum
1781 3668 1804 3703 δ
1836 3670 2100 3721 flammam
2141 3675 2183 3721 ei
2224 3672 2519 3721 concionanti
2543 3672 2708 3731 susem
2747 3690 2772 3722 e

575 3741 699 3791 libri
719 3741 733 3761 ²
748 3743 977 3793 citantur
992 3760 1021 3793 a
1040 3744 1231 3800 Gellio,
1249 3745 1461 3808 aliinqne
1476 3746 1636 3795 Vete·
1713 3745 1888 3809 capite]
1935 3748 2121 3797 Marcii
2146 3746 2359 3811 effigies,
2380 3744 2610 3797 flammas
2634 3764 2662 3795 e
2687 3763 2773 3797 ca·

577 3830 729 3875 rum3
761 3830 824 3864 an
864 3817 1000 3866 idem
1040 3822 1109 3867 sit
1148 3820 1235 3882 qui
1274 3821 1485 3869 annales
1519 3822 1635 3871 Caii
1715 3822 1824 3884 pite
1847 3822 1988 3872 velut
2009 3838 2202 3872 cornua
2232 3825 2467 3887 quadam
2492 3822 2777 3880 fundentis,

576 3888 749 3949 Acilii,
774 3890 1053 3941 Plutarcho
1074 3896 1228 3942 etiam
1252 3904 1561 3944 memoratos
1582 3896 1634 3943 iu
1715 3896 1768 3944 in
1791 3898 2008 3946 nummi·
2029 3898 2365 3960 conspicitur.
2396 3898 2531 3946 vide
2559 3900 2609 3947 in
2643 3900 2774 3947 banc

578 3964 817 4020 Romulo,
858 3966 1041 4015 Latine
1082 3969 1369 4029 transtulit,
1405 3984 1471 4019 au
1510 3984 1634 4019 vero
1716 3984 1822 4020 rem
1846 3986 1961 4034 quae
1984 3972 2050 4021 de
2075 3973 2250 4021 Servio
2265 3974 2546 4023 Tulliolib.
2567 3987 2606 4022 ι.
2630 3988 2676 4025 c.
2689 3976 2774 4023 39.

579 4040 646 4090 ab
669 4055 733 4090 co
755 4041 1010 4104 divernus,
1032 4042 1327 4105 ambigitur.
1714 4045 1890 4095 Simile
1933 4046 2054 4111 qnid
2098 4048 2162 4097 de
2201 4048 2496 4097 Salvidieuo
2533 4057 2771 4111 tempore

642 4124 667 4149 ⁸
698 4117 865 4165 Pondo
901 4121 1087 4165 eentum
1114 4119 1321 4179 triginta
1352 4121 1478 4183 octo]
1531 4122 1635 4173 Qui
1715 4125 1933 4189 Augusti
1957 4136 2131 4177 narrat
2155 4129 2260 4177 Dio
2277 4128 2485 4178 Cassius
2511 4130 2544 4177 Ι.
2571 4142 2772 4179 xum.

580 4191 782 4243 scilicet
816 4193 976 4243 libras
1003 4198 1111 4244 1⁸8.
1149 4196 1405 4247 Romana·
1434 4202 1634 4261 pende·
1715 4215 1760 4249 c·
1784 4206 1867 4251 24.
