3159 4934
1095 444 1236 491 nin.
1285 442 1510 490 xxiv.
1555 442 1715 489 cu.
1758 428 1866 491 35.
2392 428 2567 494 2049

391 588 749 665 Syracusa
799 586 1009 660 eraut,
1062 584 1402 665 profectus
1448 582 1935 665 Carthaginem,
1980 582 2379 666 adjutusque
2398 593 2422 634 ⁷
2472 588 2567 651 ibi

393 695 468 750 et
507 687 594 749 ab
640 684 886 763 legatis
927 682 1374 766 Hippocratis
1421 685 1769 768 literisque
1810 684 2233 761 Hannibalis,
2284 686 2399 767 qui
2458 706 2567 751 ve-

393 788 577 851 nisse
617 791 883 866 tempus
927 786 1151 849 aiebat
1188 786 1440 850 Sicilire
1485 806 1605 869 per
1642 804 1971 851 summum
2014 786 2221 849 decus
2272 791 2567 870 repeten-

394 887 524 963 doe,
565 894 634 949 et
673 887 820 968 ipse
863 886 1040 949 haud
1088 904 1302 951 vanus
1343 906 1647 969 praesens
1692 887 1972 950 monitor
2018 888 2217 952 facile
2262 889 2571 970 perpule-

379 995 521 1065 rat,
570 993 662 1060 nt,
709 990 974 1068 quantae
1021 986 1332 1052 maximae
1404 992 1701 1070 possent,
1764 986 2067 1069 peditum
2138 988 2571 1070 equitumque

398 1088 616 1170 copiae
665 1087 732 1149 in
776 1086 1074 1151 Siciliam
1132 1089 1605 1171 trajicerentur.
1710 1086 2103 1151 Adveniens
2149 1086 2571 1165 Heracleam,

397 1188 572 1253 intra
619 1207 873 1271 paucos
923 1187 1066 1251 dies
1113 1188 1270 1251 inde
1317 1190 1747 1271 Agrigentum
1798 1190 2065 1271 recipit:
2084 1196 2108 1224 ⁰
2156 1189 2573 1273 aliarumque

403 1289 792 1366 civitatium,
821 1308 974 1371 quae
1004 1290 1216 1370 partis
1240 1288 1877 1370 Carthaginiensium
1908 1295 2114 1366 erant,
2140 1289 2313 1353 adeo
2344 1308 2577 1355 accen·

401 1408 500 1453 see
543 1395 697 1454 sunt
741 1409 902 1472 spes
942 1388 1026 1453 ad
1061 1389 1412 1473 pellendos
1450 1390 1685 1455 Sicilia
1713 1390 2078 1469 Romanos,
2123 1396 2199 1453 ut
2232 1398 2577 1473 postremo

401 1490 632 1567 etiarn,
675 1491 791 1572 qui
819 1489 1298 1555 obsidebantur
1337 1491 1712 1573 Syracusis,
1741 1492 1999 1554 animos
2036 1492 2447 1567 sustulerint,
2488 1498 2573 1567 et,

402 1597 591 1672 parte
635 1590 978 1673 copiarum
1023 1591 1188 1655 satis
1219 1589 1484 1654 defendi
1511 1590 1738 1654 urbem
1765 1609 1973 1672 posse
2008 1592 2159 1667 rati,
2188 1593 2283 1655 ita
2308 1592 2473 1656 inter
2504 1613 2579 1657 se

403 1708 674 1755 munera
715 1690 874 1754 belli
915 1691 1136 1773 partiti
1183 1692 1343 1768 sint,
1385 1697 1465 1753 ut
1506 1689 1845 1773 Epicydes
1897 1697 2213 1774 praeesset
2259 1691 2580 1757 custodiae

405 1791 613 1867 urbis,
633 1790 1110 1873 Hippocrates,
1134 1790 1508 1854 Himilconi
1541 1790 1961 1873 conjunctus,
1984 1792 2233 1855 bellum
2264 1791 2581 1857 adversus

407 1891 746 1955 consulem
798 1889 1178 1955 Romanum
1220 1894 1495 1974 gereret.
1582 1890 1751 1955 Cum
1794 1891 2021 1955 decem
2062 1892 2357 1957 millibus
2396 1894 2575 1976 pedi-

405 1998 570 2066 tum,
621 1990 998 2073 quingentis
1025 1990 1428 2074 equitibus‚⁸
1469 1997 1663 2055 nocte
1702 2011 1821 2074 per
1848 1994 2225 2058 intermissa
2261 1994 2583 2058 custodiis

405 2091 562 2154 loca
614 2090 980 2170 profectum
1037 2097 1260 2156 castra
1325 2093 1510 2155 circa
1565 2091 1857 2155 Acrillas
1878 2103 1907 2145 ⁹
1956 2096 2177 2158 urbem
2199 2092 2229 2130 ἃ
2274 2096 2584 2176 ponebat.

405 2188 868 2252 ‘Munientibus
909 2192 1290 2271 supervenit
1335 2191 1723 2261 Marcellus,
1754 2195 1841 2256 ab
1880 2192 2243 2275 Agrigento
2281 2196 2426 2276 jam
2474 2216 2582 2259 oc-

413 2294 686 2369 cupato,
716 2306 866 2349 cum
897 2288 1134 2351 frustra
1180 2309 1262 2353 eo
1311 2292 1673 2372 praevenire
1723 2292 1981 2357 hostem
2020 2293 2345 2357 festinans
2384 2304 2586 2359 teten-

415 2388 647 2463 disset,
687 2388 984 2469 rediens3
1029 2390 1186 2454 nihil
1233 2391 1454 2456 minus
1500 2399 1709 2470 ratus»,
1758 2414 1951 2477 quam
1998 2395 2119 2458 illo
2168 2402 2463 2477 tempore
2505 2414 2587 2460 ac

415 2488 570 2551 loco
609 2488 1095 2571 Syracusanum
1129 2492 1260 2555 sibi
1291 2495 1657 2557 exercitum
1700 2495 1965 2566 obviam
1996 2494 2174 2577 fore3
2220 2496 2340 2560 sed
2372 2502 2589 2561 tamen

415 2596 596 2653 metu
635 2589 1036 2655 Himilconis
1068 2591 1562 2677 Poenornmque
1604 2592 1711 2675 (ut
1754 2597 1997 2677 quibus
2039 2615 2457 2679 nequaquam
2490 2596 2590 2659 eis

1321 2787 1592 2806 ‘O‘OOOOO‘
1598 2786 1687 2808 000

422 2924 541 2966 ante
567 2916 896 2966 Groneia—e
931 2916 1052 2963 Cum
1087 2916 1237 2964 tantis
1277 2916 1422 2979 copiis
1459 2914 1596 2964 Edu.
1628 2922 1750 2964 aute
1785 2914 2109 2964 Granum—⁷
2140 2914 2425 2977 Act-itusque
2460 2914 2595 2965 Edd-

419 2990 542 3029 aute
576 2980 796 3029 Gronov.
847 2978 1092 3039 editasque
1130 2978 1256 3027 Mes.
1299 2978 1646 3043 plerique.-8
1679 2978 1825 3029 Voss.
1865 2978 2004 3029 Gud.
2038 2980 2359 3043 equilum—9
2391 2980 2598 3030 Acrillae

424 3044 559 3094 Edd-
583 3049 704 3092 ante
728 3042 955 3092 Gronov.

1395 3154 1615 3207 NOTAE

425 3268 641 3330 corrigit
681 3267 914 3316 Gronov.
957 3280 1024 3315 ex
1063 3268 1272 3330 optimis
1311 3269 1472 3317 libris.

427 3344 573 3395 Editi
619 3341 814 3392 habeut
851 3356 1138 3406 nequaquem
1176 3358 1284 3394 cant
1323 3345 1473 3394 tntis

424 3421 588 3482 copiis,
609 3420 700 3468 sed
725 3431 790 3467 ex
811 3419 874 3468 iis
901 3434 1011 3481 qna».
1029 3428 1310 3482 sequuntur
1328 3426 1476 3485 patet

427 3493 706 3557 majoribus
751 3507 884 3541 nunc
923 3494 1084 3555 copiis
1133 3495 1472 3545 instructum:

428 3570 506 3621 ita
545 3577 602 3618 ut
635 3582 926 3631 nequaqam
963 3582 1066 3617 cum
1105 3571 1292 3631 quantis
1329 3570 1477 3633 copiis

427 3646 565 3694 idem
589 3644 657 3693 eit
679 3656 742 3693 ae
766 3656 865 3691 non
884 3657 998 3693 cnm
1022 3657 1084 3693 ee
1104 3659 1316 3694 numero
1336 3646 1475 3707 eopi-

431 3736 592 3782 arum,
613 3718 704 3768 sed
725 3733 840 3769 cnm
862 3718 1062 3781 majori.
1101 3719 1303 3771 Etenim
1326 3728 1478 3770 antea

432 3795 498 3844 ad
516 3796 742 3857 Pachyni
754 3796 1150 3859 promontorium
1166 3797 1480 3847 exscendere

435 3868 486 3917 in
509 3870 720 3919 insulam
748 3883 898 3917 ausus
921 3884 1022 3918 non
1043 3879 1175 3919 erat.

500 3950 522 3976 θ
551 3943 872 4005 Agrigentum
905 3944 1099 4008 recipit]
1142 3945 1481 4009 Agrigentum

439 4018 562 4067 urbs
585 4016 682 4065 fuit
720 4018 962 4079 opulenta
994 4026 1050 4067 et
1073 4019 1314 4083 celebria,
1339 4021 1434 4071 Gr.
1455 4023 1484 4069 ὁ

435 4090 685 4154 'Arpi-rer,
721 4092 872 4141 hodie
917 4092 1148 4155 Gergeati
1165 4110 1186 4144 .-
1231 4109 1262 4143 a
1305 4095 1484 4147 Geloi·

438 4169 650 4218 condita
680 4166 742 4215 ad
779 4166 1120 4231 Acran-utem
1156 4184 1378 4232 amnem,
1399 4172 1485 4234 qni

437 4251 494 4295 et
539 4244 652 4307 ipse
671 4242 824 4305 fiune
860 4242 914 4292 di
957 4244 1210 4310 amenti,
1248 4252 1305 4297 et
1332 4247 1486 4313 fleme

1551 3269 1737 3329 Draga.
1798 3268 1883 3317 Ibi
1905 3268 2097 3331 regiam
2133 3280 2305 3316 arcem
2327 3267 2600 3317 munitissi-

1551 3357 1681 3392 mam
1724 3342 1913 3391 Cocalo
1950 3343 2143 3392 Sicilia
2187 3344 2297 3405 regi
2346 3344 2601 3391 exstruxit

1554 3418 1819 3474 Daedalns,
1841 3418 1925 3467 eui
1942 3432 2127 3468 nomen
2152 3416 2441 3479 omptume,
2461 3424 2518 3466 ut
2536 3428 2601 3465 ex

1553 3494 1813 3543 Pausania
1834 3493 2041 3556 conjicit
2063 3494 2273 3541 Cluver.
2308 3490 2513 3540 tandem
2538 3491 2602 3540 ab
2686 3478 2693 3485 ¹

1555 3569 1852 3619 Hamilcare
1870 3569 2036 3617 Poeno
2066 3565 2295 3615 funditus
2317 3580 2497 3616 eversa
2525 3564 2604 3615 fu-

1555 3654 1669 3695 erat
1683 3659 1815 3695 anno
1835 3649 1884 3694 4.
1906 3640 2229 3706 Olympiadis
2242 3654 2403 3691 xctu.
2427 3656 2603 3691 verum

1557 3722 1838 3771 instaurata
1876 3727 2054 3781 postea
2086 3715 2218 3766 fuit:
2254 3716 2507 3781 hodieque
2530 3718 2607 3767 in·

1561 3806 1645 3846 ter
1664 3796 1998 3844 celeberrima
2018 3792 2195 3841 insulae
2228 3791 2421 3855 oppida
2452 3792 2606 3843 lrabe-

1561 3878 1665 3930 tur,
1696 3869 1761 3919 ob
1782 3869 1969 3917 civium
1993 3866 2336 3931 frequentiam
2374 3875 2428 3917 et
2457 3882 2607 3931 agro·

1560 3959 1673 3996 rum
1696 3946 1999 3995 ubertatem.

1624 4021 1651 4055 ⁴¹
1680 4022 1891 4070 Aer-illm
1909 4020 2093 4083 urbem]
2116 4018 2299 4069 Aer-illa
2320 4017 2429 4066 sive
2448 4015 2609 4065 Acril-

1560 4100 1622 4147 1ae
1644 4096 1889 4159 oppidum
1910 4094 2009 4145 fuit
2036 4094 2100 4143 ad
2134 4103 2362 4142 austrum
2386 4090 2607 4155 Syracu-

1560 4167 1750 4232 sarum,
1784 4168 1940 4221 Acris
1971 4168 2103 4219 haud
2144 4164 2341 4231 procul,
2372 4162 2507 4212 forte
2543 4163 2609 4216 ad

1562 4246 1809 4299 Helorum
1834 4244 1888 4295 fl.
