3159 4934
1132 480 1279 528 mn.
1326 481 1529 535 xxv..
1562 481 1730 531 oar.
1774 466 1882 532 23.
2419 470 2594 537 2123

408 621 663 698 missae,
712 626 731 654 ‘
756 617 880 698 Ut,
908 622 1099 705 prius
1130 642 1331 705 quam
1362 625 1744 691 clauderent
1770 626 2080 710 Capuam
2108 628 2446 710 operibus,
2474 650 2594 712 po-

411 727 719 787 testatem
749 721 913 786 Cam
920 724 1115 804 panis
1145 725 1459 801 facerent,
1496 734 1591 803 ut,
1617 727 1734 810 qui
1767 747 1994 792 eorum
2023 727 2298 807 vellent,
2341 732 2596 796 exirent

412 822 501 885 ab
532 820 787 905 Capua,
818 840 1113 906 suasque
1145 843 1253 888 res
1278 844 1507 889 secum
1531 827 1886 891 auferrent.
1973 828 2250 893 Liberos
2278 829 2418 892 fore
2443 849 2593 895 sua-

415 940 547 1003 que
574 921 799 985 omnia
828 922 1195 999 habituroS,
1216 924 1331 1006 qui
1360 931 1508 990 ante
1536 925 1704 989 Idus
1735 926 2028 991 Martias
2052 930 2374 993 exissent.
2424 930 2596 1001 Post

412 1041 557 1085 eam
612 1021 807 1099 diem,
838 1024 1083 1105 quique
1136 1026 1463 1101 exissent,
1496 1026 1742 1109 quique
1789 1028 1886 1091 ibi
1924 1028 2340 1107 mansissent,
2381 1030 2591 1095 hosti·

412 1141 524 1186 um
558 1122 817 1188 futuros
848 1123 1167 1191 numero?
1253 1126 1357 1190 Ea
1388 1128 2235 1211 pronuntiataCampanis,
2263 1136 2470 1213 atque
2499 1132 2596 1195 ita

413 1231 660 1305 spreta,
686 1232 759 1287 ut
792 1224 963 1287 ultro
990 1224 1281 1291 dicerent
1311 1228 1754 1292 contumelias
1787 1229 2338 1312 minarenturque.
2399 1232 2597 1297 Hane

414 1323 597 1387 nibal
628 1325 715 1389 ab
762 1324 1125 1389 Herdonea
1171 1326 1533 1391 Tarentum
1588 1329 1876 1395 duxerat
1912 1332 2242 1411 legiones3
2291 1352 2433 1413 spe,
2483 1339 2598 1397 aut

414 1426 506 1503 vi,
538 1434 653 1489 aut
680 1423 860 1501 dolo,
892 1427 1067 1490 arcis
1112 1426 1495 1493 Tarentinae
1526 1430 1894 1512 potiundae.
1983 1430 2188 1511 Quod
2217 1434 2332 1498 ubi
2365 1452 2598 1515 pamm

414 1526 889 1608 processit,·ad
918 1528 1347 1593 Brundisium
1390 1529 1586 1593 flexit
1626 1531 1770 1608 iter,
1805 1532 2002 1612 prodi
2037 1533 2105 1597 id
2140 1532 2466 1614 oppidum
2495 1552 2596 1597 ra-

414 1633 575 1691 tus.·
684 1626 792 1693 Ibi
820 1648 1085 1711 quoque
1126 1648 1281 1695 cum
1314 1629 1553 1694 frustra
1582 1634 1820 1695 tereret
1851 1640 2138 1713 tempu-3,
2172 1633 2374 1713 legati
2403 1632 2599 1699 Cam-

416 1730 572 1811 pani
604 1728 691 1792 ad
724 1747 875 1793 eum
912 1729 1262 1806 venerunt,
1292 1737 1642 1811 querentes
1685 1732 1882 1795 simul
1915 1738 2334 1815 orantesque.
2424 1732 2598 1811 Qui-

414 1830 543 1892 bus
574 1828 923 1895 Hannibal
962 1830 1309 1911 magnifice
1350 1830 1728 1913 respondit,
1757 1840 1824 1897 et
1864 1839 2058 1896 antea
2093 1832 2382 1897 solvisse
2419 1834 2598 1899 obsi·
2675 1916 2680 1921 ⁸

418 1931 701 2006 dionem,
724 1937 789 1995 et
810 1951 987 1996 nunc
1017 1932 1371 1996 adventum
1398 1952 1592 1997 suum
1619 1934 1928 1997 consules
1951 1953 2078 1997 non
2107 1933 2383 2001 laturos.
2429 1933 2600 1999 Cum

418 2029 549 2095 hac
580 2052 703 2116 spe
726 2033 989 2097 dimissi
1017 2032 1221 2113 legati
1251 2033 1365 2095 vix
1399 2034 1656 2114 regredi
1679 2034 2010 2115 Capuam,
2018 2033 2164 2115 jam
2183 2031 2436 2115 duplici
2466 2035 2600 2099 fos·

420 2150 499 2195 sa
529 2131 839 2213 valloque
862 2133 1176 2206 cinctam,
1207 2138 1592 2213 potuerunt.

506 2231 613 2297 23.
680 2230 853 2295 Cum
902 2233 1191 2295 maxime
1239 2232 1484 2314 Capua
1530 2234 2158 2311 circumvallaretur,
2220 2234 2602 2313 Syracusa·‘

420 2334 642 2396 rum⁸⁰
684 2334 1091 2416 oppugnatio
1123 2331 1210 2395 ad
1234 2332 1433 2397 finem
1465 2334 1666 2409 venit,
1696 2339 2136 2415 praeterquam
2164 2333 2230 2397 vi
2261 2353 2344 2398 ac
2367 2333 2600 2398 virtute

420 2432 613 2499 ducis
665 2434 1159 2516 exercitusque,
1229 2432 1549 2497 intestina
1630 2434 1832 2497 etiam
1913 2434 2286 2517 proditione
2320 2434 2600 2519 adjuta.

420 2534 737 2615 Namque
787 2532 1157 2599 Marcellus
1201 2534 1393 2597 initio
1434 2534 1608 2597 veris
1650 2534 1964 2611 incertus,
2013 2541 2228 2599 utrum
2275 2534 2600 2616 Agrigen-

419 2642 559 2699 tum
591 2634 679 2699 ad
722 2633 1175 2699 Himilconem
1223 2640 1292 2697 et
1337 2634 1814 2717 Hippocraten
1869 2640 2147 2699 verteret
2196 2634 2467 2711 bellum,
2515 2653 2602 2698 an

423 2733 765 2799 obsidione
814 2734 1193 2817 Syracusas
1220 2740 1565 2815 premeret,
1597 2752 1978 2815 quanquam
2025 2753 2148 2797 nec
2195 2736 2260 2796 vi
2309 2733 2462 2816 capi
2507 2734 2602 2795 vi-

423 2834 627 2899 debat
648 2853 846 2916 posse
890 2832 1473 2915 inexpugnabilem
1508 2832 1796 2895 terrestri
1825 2850 1906 2895 ac
1937 2832 2267 2895 maritimo
2315 2834 2446 2897 situ
2494 2850 2600 2895 ur-

424 2936 605 3011 bem,
642 2953 769 2999 nec
817 2934 1017 3011 fame,
1050 2951 1245 3014 quam
1280 2939 1535 3013 prope¹
1579 2930 1814 2995 liberiq
1859 2932 1948 2995 ab
1979 2931 2375 3013 Carthagine
2419 2948 2603 2995 com·

424 3039 684 3097 meatus
732 3034 1004 3111 alerent,
1064 3039 1315 3110 tamen,
1366 3051 1450 3095 ne
1499 3031 1655 3115 quid
1715 3033 2133 3116 inexpertum
2185 3033 2602 3115 relinqueret,

427 3134 799 3215 transfugas
831 3134 1289 3217 Syracusanos
1316 3130 1535 3217 (erant
1562 3138 1780 3197 autem
1809 3132 1989 3215 apud
2017 3132 2368 3197 Romanos
2399 3132 2606 3214 aliqui

490 3324 514 3349 ⁰
545 3314 753 3381 Spemne
772 3314 886 3377 sore
908 3321 959 3365 at
983 3330 1039 3364 ea
1060 3314 1173 3363 arba
1192 3314 1286 3371 eibi
1308 3312 1596 3361 creden-etur.

1507 3450 1685 3471 ‘eece'

492 3574 558 3619 2⁰
594 3571 789 3631 Quoque
822 3566 1021 3619 addunt
1042 3568 1179 3617 Eud.
1207 3576 1327 3617 ante
1354 3568 1675 3618 Granum-1
1713 3567 1730 3595 ‘
1753 3566 1868 3617 Duo
1903 3566 2102 3629 optimi,
2134 3581 2220 3615 aee
2238 3565 2374 3625 fame
2404 3580 2606 3629 mquam

422 3650 587 3698 prope.
660 3634 859 3690 Scribe.
890 3648 975 3683 aec
1005 3633 1163 3693 sume,
1198 3637 1252 3681 ut
1292 3648 1433 3695 quam
1466 3647 1628 3697 prope.
1710 3632 1863 3681 Valet
1899 3630 2118 3695 utpote.’
2163 3631 2220 3677 J.
2243 3630 2305 3681 F.
2329 3630 2606 3731 Gratiam-1-

1409 3808 1621 3860 NOTAE

431 3922 689 3984 nimirum,
724 3936 889 3987 neque
924 3922 1061 3971 enim
1101 3928 1295 3986 prator
1332 3921 1479 3987 quic·-
1623 3930 1646 3963 <¹
1683 3921 1838 3975 Quam
1855 3933 1998 3982 prope
2016 3918 2178 3981 liberi]
2227 3919 2398 3975 Qum,
2419 3932 2607 3981 nempe

433 4012 587 4061 qnam
618 3998 871 4060 imperare
900 3998 1082 4060 maJori
1106 3998 1355 4061 potestati
1388 4012 1477 4059 po·
1560 3996 1758 4045 urbem.
1827 3996 1906 4044 Ex
1927 3995 2124 4043 dnobus
2147 3994 2525 4055 manuscriptis,
2556 3996 2608 4041 in

436 4078 591 4121 terat·
654 4072 956 4135 Suspiearer
994 4074 1290 4135 legendum,
1324 4076 1481 4122 litere
1558 4072 1746 4135 quibus
1767 4077 1866 4130 ent,
1886 4070 2110 4129 necfame
2123 4084 2328 4131 unquam
2346 4082 2506 4130 prope,
2525 4069 2606 4127 §⁶0-

432 4164 465 4197 a
489 4148 551 4197 Ρ.
578 4149 635 4196 C.
658 4164 688 4195 a
712 4146 777 4197 P.
802 4148 1037 4208 Cornelio,
1053 4152 1134 4213 qe.
1168 4157 1221 4197 et
1244 4149 1423 4197 literas
1450 4161 1481 4194 a
1559 4146 1886 4196 scribendam
1909 4153 2082 4195 censet
2103 4144 2332 4195 Gronov.
2353 4158 2438 4190 nee
2453 4141 2607 4199 fame,

436 4224 503 4272 P.
533 4224 593 4269 C.
612 4228 826 4285 propter
856 4222 1218 4281 repetitionem
1250 4222 1483 4271 omissas.
1558 4226 1615 4269 at
1634 4234 1770 4283 quum
1789 4236 1932 4283 prope
1961 4219 2119 4283 liberi,
2151 4223 2234 4281 ⁸5⁰·
2301 4218 2401 4267 Ubi
2429 4224 2483 4267 uc
2523 4231 2608 4267 va-

437 4298 543 4347 Alii
554 4296 811 4361 judicent.
842 4298 898 4347 J.
932 4298 1161 4347 cenius.
1565 4298 1638 4345 let
1667 4302 1868 4357 utpote.
