3159 4934
1159 466 1306 513 me.
1353 460 1582 513 xxxv.
1628 464 1790 513 car.
1834 448 1943 513 16.
2469 450 2645 515 2013

450 606 839 683 Poenorum,
872 602 1114 671 deinde
1145 608 1335 689 signa
1361 608 1770 691 perturbata,
1798 616 2137 692 postremo
2170 612 2310 672 tota
2350 606 2645 691 impulsa

452 710 673 789 acies3
720 707 872 771 inde
909 708 1090 771 haud
1142 708 1346 772 dubie
1394 715 1580 790 terga
1624 708 1810 785 data,
1858 715 2172 791 ruuntque
2215 708 2533 791 fugientes
2576 710 2645 771 in

452 816 703 888 castra,
734 810 905 874 adeo
934 810 1164 892 pavidi
1205 811 1608 894 trepidique,
1641 819 1823 876 utne
1866 814 1934 875 in
1979 810 2191 894 portis
2220 809 2492 893 quidem
2524 817 2646 874 aut

451 912 636 977 vallo
665 913 1021 995 quisquam
1059 913 1387 989 restiterit,
1413 932 1494 976 ac
1521 932 1734 996 prope
1780 912 2150 978 continenti
2195 912 2453 995 agmine
2500 910 2646 975 Ro·-

450 1016 635 1081 mani
663 1016 974 1093 insecuti,
1007 1033 1253 1079 novum
1293 1014 1378 1078 de
1408 1016 1663 1097 integro
1693 1016 2022 1100 praelium,
2052 1014 2301 1081 inclusi
2339 1013 2641 1079 hostium

447 1116 658 1195 vallo,
689 1114 1044 1181 ediderint.
1115 1114 1252 1193 Ibi,
1283 1117 1459 1181 sicut
1489 1134 1716 1199 pugna
1738 1116 2159 1200 impeditior³
2192 1118 2257 1180 in
2290 1115 2645 1197 angustiis,

449 1214 550 1281 ita
596 1218 823 1282 caedes
871 1216 1164 1281 atrocior
1212 1215 1373 1280 fuit:
1435 1224 1504 1281 et
1553 1217 1873 1301 adjuvere
1920 1218 2198 1303 captivi,
2248 1218 2388 1300 qui,
2442 1224 2645 1299 rapto

449 1320 621 1383 inter
675 1320 1037 1384 tumultum
1085 1317 1284 1396 serto,
1336 1318 1719 1399 conglobati
1772 1326 1844 1384 et
1887 1321 1975 1385 ab
2025 1326 2213 1401 tergo
2268 1317 2649 1384 ceciderunt

451 1420 736 1498 PoenoS,
767 1427 837 1484 et
875 1420 1108 1503 fugam
1153 1419 1621 1503 impedierunt.
1712 1420 1957 1504 Itaque
1998 1421 2220 1485 minus
2268 1419 2404 1484 duo
2433 1418 2648 1483 millia

449 1519 788 1586 hominum
817 1540 908 1585 ex
938 1528 1126 1587 tanto
1159 1521 1485 1595 exercitu,
1507 1527 1576 1584 et
1598 1538 1684 1584 ea
1706 1519 1918 1605 major
1943 1540 2097 1604 pars
2120 1522 2475 1603 equitum,⁴
2494 1540 2650 1585 cum

451 1623 608 1705 ipso
635 1623 808 1688 duce
837 1623 1239 1705 effugerunt:
1287 1621 1402 1685 alii
1447 1640 1675 1685 omnes
1706 1622 1868 1685 caesi
1896 1630 2017 1685 aut
2042 1623 2251 1705 capti.
2336 1620 2557 1704 Capta
2582 1632 2653 1687 et

451 1726 644 1809 signa
673 1725 1357 1810 duodequadraginta.
1447 1723 1558 1787 Ex
1600 1724 1969 1789 victoribus
2013 1726 2149 1790 duo
2200 1723 2409 1789 millia
2442 1724 2649 1789 ferme

452 1828 771 1893 cecidere.
855 1826 1104 1892 Praeda
1135 1827 1350 1891 omnis
1393 1828 1869 1911 (praeterquam
1899 1826 2239 1891 hominnm
2271 1823 2653 1909 captorum)

449 1930 648 1995 militi
674 1949 1004 1995 concessa
1034 1935 1178 1995 est:
1225 1935 1295 1993 et
1317 1948 1522 2011 pecus
1549 1934 1911 2011 exceptum
1936 1933 2092 2006 est,¹
2116 1928 2295 2012 quod
2314 1929 2483 1992 intra
2504 1927 2651 1994 dies

451 2032 732 2112 triginta
759 2031 1018 2096 domini
1048 2031 1544 2111 cognovissent.
1612 2028 1785 2096 Cum
1815 2030 2046 2114 praeda
2077 2030 2299 2094 onusti
2328 2031 2399 2093 in
2429 2036 2652 2095 castra

453 2131 808 2210 redissent,
837 2138 1132 2215 quatuor
1159 2132 1376 2196 millia
1403 2132 1609 2195 ferme
1636 2131 1951 2197 volonum
1984 2132 2291 2209 militum,
2332 2132 2451 2215 qui
2481 2142 2649 2215 pug-

455 2240 776 2297 naverant
825 2234 1116 2315 segnius,
1157 2251 1283 2297 nec
1336 2234 1408 2296 in
1464 2240 1695 2299 castra
1750 2234 2123 2317 irruperant
2183 2233 2407 2310 simul,
2469 2240 2653 2297 metu

455 2351 682 2417 poenae
711 2333 951 2398 collem
979 2332 1161 2399 hand
1207 2334 1442 2417 procul
1487 2334 1731 2399 castris
1770 2338 2111 2417 ceperunt.
2200 2333 2493 2398 Postero
2540 2333 2651 2399 die

462 2454 590 2518 per
618 2436 922 2501 tribunos
941 2443 966 2483 5
997 2436 1280 2500 militum
1310 2436 1464 2501 inde
1499 2435 1793 2515 deducti,
1823 2437 2147 2501 concione
2176 2436 2459 2501 militum
2480 2433 2510 2475 ⁶
2540 2434 2655 2501 ad·

451 2542 702 2601 vocata
735 2554 774 2599 a
815 2534 1155 2613 Graccho,
1186 2536 1690 2619 superveniunt.
1778 2536 1921 2603 Ubi
1954 2556 2105 2601 cnm
2145 2535 2505 2619 proconsul
2536 2556 2655 2601 ve·

455 2644 638 2702 teres
679 2638 924 2703 milites
971 2639 1281 2721 primum,
1313 2645 1513 2721 prout
1552 2637 1879 2721 cujusque
1922 2638 2139 2702 virtus
2186 2644 2392 2722 atque
2444 2656 2653 2721 opera

455 2738 525 2802 in
553 2759 638 2804 ea
667 2758 894 2823 pugna
936 2738 1180 2815 fuerat,
1223 2738 1631 2803 militaribus
1660 2738 1859 2803 donis
1891 2738 2231 2815 donasset,
2256 2749 2435 2817 tunc,
2462 2739 2651 2821 quod

457 2840 544 2904 ad
586 2841 868 2905 volones
913 2840 1244 2917 attineret,
1295 2845 1316 2873 ⁸
1337 2838 1614 2916 omnes,’
1662 2840 1780 2917 ait,
1828 2848 1848 2875 ‘
1874 2842 2071 2905 malle
2108 2840 2417 2905 laudatos
2460 2860 2503 2905 a
2548 2862 2653 2926 se,

457 2942 700 3023 dignos
751 2940 1217 3023 indignosque,
1263 2958 1468 3025 quam
1491 2948 1516 2989 ⁷
1565 2959 1947 3025 quenquam
1992 2960 2077 3005 eo
2107 2940 2217 3005 die
2250 2943 2652 3024 castigatum

457 3061 632 3106 esse.
705 3040 912 3121 Quod
941 3043 1212 3119 bonum,
1241 3041 1555 3121 faustum,
1577 3041 1885 3127 felixque
1908 3044 2003 3107 rei
2026 3044 2323 3128 publicae
2344 3045 2651 3129 ipsisque

455 3154 655 3219 esset,
677 3164 907 3209 omnes
929 3163 1051 3208 eos
1073 3143 1320 3208 liberos
1350 3162 1501 3207 esse
1517 3142 1810 3227 jubere.'
1854 3144 1965 3210 Ad
1996 3166 2197 3229 quam
2228 3166 2465 3211 vocem
2496 3165 2648 3210 cum

457 3244 707 3311 clamor
737 3246 982 3329 ingenti
1019 3246 1370 3311 alacritate
1407 3244 1707 3309 sublatus
1744 3254 1951 3326 esset,
1996 3266 2078 3314 ac
2104 3267 2285 3312 nnnc
2309 3247 2651 3332 complexi

1375 3440 1581 3463 ‘mn
1588 3441 1737 3463 ‘em

525 3579 556 3624 8
600 3574 952 3639 ‘conjunctio
971 3580 1114 3639 atqu
1135 3590 1166 3625 ι
1189 3576 1452 3641 plerisque
1473 3578 1606 3627 Mas.
1628 3576 1800 3639 abest,
1836 3589 1936 3640 qna
1958 3575 2152 3638 deleta,
2178 3574 2389 3625 Gronov
2362 3574 2429 3624 vii
2452 3576 2654 3640 conjec-

459 3648 580 3689 tura
603 3640 778 3703 recepi
803 3646 1018 3703 posset.
1052 3641 1709 3693 mmeramme-aie!
1742 3640 1938 3691 stroth.
2003 3639 2127 3689 Vid.
2160 3640 2285 3689 Not.
2306 3640 2532 3691 Van—⁸
2569 3640 2653 3691 ln·

454 3704 720 3767 expeditior·
763 3704 844 3753 ms
821 3720 888 3754 ss.
926 3705 1107 3767 optimi
1113 3710 1226 3755 .-4
1261 3706 1413 3769 Conj.
1448 3706 1503 3757 J.
1538 3707 1599 3756 F.
1632 3707 1811 3756 Grono
1780 3720 1862 3755 οι
1889 3704 2084 3767 equites.
2085 3710 2181 3752 -6
2219 3704 2474 3754 Ίὶϋιιιιιιηι
2495 3706 2653 3757 Grnt.

455 3770 686 3819 Gronov.
731 3771 942 3832 Donjat.
977 3722 1659 3821 cmvvier.-e‘³1²oateriua
1680 3771 1889 3819 militum
1909 3769 2174 3819 abundare
2198 3768 2401 3819 videtur
2405 3785 2539 3832 ,nr-c
2561 3786 2649 3834 ag-

461 3842 681 3884 noscunt
703 3836 884 3898 scripti
909 3832 1150 3898 quidaml
1182 3836 1238 3883 J.
1257 3834 1322 3885 F.
1347 3836 1424 3884 Gr
1397 3850 1559 3885 honen
1626 3834 1793 3885 Abest
1813 3849 1843 3885 a
1863 3834 2091 3885 Crevier.
2094 3838 2187 3883 -7
2212 3786 2459 3887 Cantab’r.
2482 3836 2654 3899 dignor

1455 3997 1671 4049 NOTAE

523 4096 546 4121 ²
577 4088 644 4137 Et
670 4102 810 4151 pecus
834 4095 1080 4152 exceptam
1103 4090 1200 4154 est]
1235 4092 1314 4141 Ex
1339 4093 1519 4155 praeda
1598 4092 1806 4157 quidem
1840 4094 2028 4147 omnia,
2058 4092 2148 4141 sed
2188 4106 2323 4155 φιτ,
2354 4104 2467 4139 eum
2500 4098 2653 4153 rapta

461 4178 577 4231 quo
623 4167 675 4214 in
711 4167 943 4217 exercitu
987 4168 1266 4217 Poenornm
1309 4177 1518 4231 reperta
1596 4174 1775 4218 essent
1802 4182 1869 4217 ex
1902 4168 2079 4217 vicinis
2110 4168 2263 4229 agris,
2284 4178 2651 4227 cognosceren-

457 4240 708 4291 milltibnr
751 4242 1153 4301 concedebatur,
1192 4245 1362 4308 excipi
1405 4245 1516 4309 pla·
1600 4250 1684 4294 tur
1706 4260 1735 4294 a
1756 4244 1972 4295 dominis
1991 4245 2130 4294 intra
2150 4255 2397 4291 mensem.

458 4316 572 4368 enit
601 4322 711 4367 tum
745 4318 1000 4382 captivos,
1035 4326 1143 4368 tum
1167 4330 1375 4385 pecora,
1413 4334 1516 4371 uon
