3159 4934
543 386 718 454 2210
1271 392 1279 398 '
1474 400 1543 448 τ.
1596 399 1786 447 mvn

546 546 772 630 capita
799 563 882 610 ac
909 543 1208 609 fortunas
1233 542 1582 608 committi.
1671 541 1990 619 Proinde,
2020 541 2083 606 si
2112 538 2469 617 videretur,
2494 546 2563 605 et
2588 541 2732 606 red-⁵

546 648 646 712 ire
689 646 758 712 in
799 645 1182 727 suffragium
1230 643 1568 718 Veturiam
1608 642 1941 726 juniorum
1977 642 2258 726 juberet,
2306 645 2375 706 et
2402 641 2738 706 meminis,

545 755 696 815 ἑοῖς
741 748 808 811 in
837 747 1224 811 consulibus
1255 744 1558 810 creandis
1608 743 1789 820 belli,
1821 742 2000 825 quod
2048 743 2116 805 iu
2164 741 2377 806 Italia
2416 742 2530 819 sit,
2570 747 2741 806 tetu-

548 868 909 932 porumque
938 849 1036 911 rei
1068 845 1380 930 publicae.
1469 843 1773 909 Vixdum
1814 840 2201 928 requiesse⁶
2226 861 2447 906 ‚aures
2490 861 2535 906 a
2574 848 2739 906 stre·

549 951 700 1032 pitu
727 957 798 1014 et
825 948 1108 1012 tumultu
1129 947 1382 1022 hostili,
1404 966 1540 1029 quo
1567 963 1825 1030 paucos
1853 952 2009 1008 ante
2038 963 2301 1008 menses
2327 942 2700 1008 assederint
2716 951 2741 992 ⁷

551 1067 762 1133 prope
791 1050 1045 1113 moenia
1076 1044 1427 1111 Romana!
1515 1045 1687 1111 Post
1710 1045 1857 1110 haec
1888 1063 2043 1110 cum
2076 1045 2387 1118 centuria
2430 1043 2741 1128 frequens

553 1148 1062 1224 succlamasset,
1107 1153 1127 1182 ‘
1149 1147 1312 1212 nihil
1345 1165 1420 1210 se
1445 1153 1705 1210 mutare
1738 1147 2105 1220 sententiae,
2133 1145 2546 1226 eosdemque
2580 1163 2743 1208 con·

552 1252 734 1314 eules
763 1249 1060 1317 dicturos
1087 1268 1242 1325 esse
1259 1246 1302 1328 3'
1343 1254 1487 1319 tum
1506 1248 1919 1330 Torquatus,
1952 1252 1973 1282 ‘
1990 1247 2231 1331 Neque
2250 1263 2373 1326 ego
2396 1242 2697 1321 vestros,’
2716 1239 2743 1282 ⁸

553 1351 819 1435 inquit,·
843 1356 862 1383 ‘
883 1369 1102 1416 mures
1149 1349 1388 1415 consul
1441 1350 1611 1414 ferre
1664 1358 1927 1432 potero,
1970 1367 2185 1432 neque
2226 1365 2351 1412 vos
2396 1346 2743 1428 imperium

555 1457 796 1516 meum.
885 1451 1130 1524 Redite
1171 1453 1240 1516 iu
1287 1450 1695 1533 suffragium,
1724 1457 1793 1514 et
1828 1451 2117 1532 cogitate
2145 1450 2389 1514 bellum
2423 1447 2741 1510 Punicum

557 1551 625 1616 in
656 1552 969 1618 Italia‘et
1009 1552 1302 1618 hostium
1333 1552 1570 1616 ducem
1605 1545 2056 1617 Hannibalem
2088 1549 2284 1616 esse!
2369 1549 2543 1613 Tum
2593 1563 2747 1611 cen⁶

557 1655 752 1730 turia,
781 1659 848 1718 et
873 1653 1274 1717 auctoritate
1313 1659 1496 1722 mota
1529 1653 1679 1728 viri,
1704 1659 1771 1718 et
1798 1653 2259 1718 admirantium
2302 1651 2485 1716 circa
2526 1649 2748 1713 fremi-

558 1760 652 1832 tu,
682 1755 896 1838 petit⁹
941 1773 983 1819 a
1014 1755 1316 1832 consule,
1347 1763 1422 1817 ut
1450 1752 1802 1818 Veturiam
1830 1754 2170 1817 seniorum
2198 1753 2465 1816 citaret:
2510 1755 2530 1788 ‘
2553 1749 2745 1818 Velle

560 1875 635 1920 se
685 1876 834 1936 cum
887 1855 1250 1938 majoribus
1291 1861 1452 1920 natu
1499 1855 1813 1937 colloqui,
1856 1861 1925 1920 et
1966 1873 2055 1918 ex
2094 1853 2489 1918 auctoritate
2517 1867 2749 1914 eorum

559 1956 878 2020 consules
921 1955 1186 2020 dicere!
1277 1953 1520 2019 citatis
1569 1952 1869 2018 Veturiae
1918 1952 2319 2028 senioribus,
2367 1949 2591 2016 datum
2646 1971 2753 2014 se·-

563 2067 743 2121 creto
773 2057 842 2120 in
873 2056 1058 2121 ovili
1079 2057 1119 2091 ¹⁶
1165 2075 1319 2121 cum
1348 2055 1452 2120 his
1483 2053 1907 2139 colloquendi
1944 2063 2232 2138 tempus.
2320 2054 2639 2118 Seniores
2667 2053 2751 2117 de

563 2159 772 2222 tribus
803 2156 1284 2222 consulendum
1315 2157 1631 2220 dixerunt
1671 2175 1848 2233 esse,
1879 2155 2145 2222 duobus
2181 2156 2323 2240 jam
2372 2157 2589 2239 plenis
2633 2156 2753 2220 ho-

561 2277 818 2335 norum,
869 2256 958 2334 Q.
1017 2256 1236 2320 Fabio
1283 2264 1355 2320 et
1409 2255 1507 2320 M.
1563 2256 1912 2333 Marcello,
1961 2263 2053 2333 et,
2106 2257 2169 2320 si
2216 2257 2451 2340 utique
2504 2275 2753 2320 novum

563 2355 851 2447 aliquem
899 2356 1221 2421 adversus
1262 2357 1515 2421 Poenos
1559 2357 1899 2440 consulem
1940 2357 2145 2422 creari
2174 2357 2434 2435 vellent,
2480 2356 2580 2422 M.
2613 2355 2757 2422 Va-

563 2450 802 2538 lerium
830 2457 1178 2522 Laeviuum
1198 2464 1253 2495 ¹⁰
1279 2447 1540 2539 egregie
1571 2455 1895 2522 adversus
1919 2456 2305 2542 Philippum
2336 2477 2558 2540 regem.
2587 2465 2759 2525 terra

561 2559 872 2641 marique
921 2577 1032 2621 res
1084 2557 1396 2638 gessisse.
1484 2557 1595 2620 Ita
1648 2555 1729 2620 de
1784 2556 1995 2621 tribus
2040 2559 2527 2623 consultatione
2579 2559 2758 2638 data,

565 2659 946 2750 *senioribus
976 2658 1294 2736 dimissis,
1328 2658 1634 2740 juniores
1667 2649 2053 2750 suffragium
2090 2661 2340 2726 ineunt.
2430 2658 2528 2724 Μ.
2564 2661 2757 2726 Clau-

561 2759 747 2834 dium
813 2753 1230 2836 Marcellum,
1286 2759 1647 2840 fulgentem
1707 2766 1845 2825 tum
1908 2760 2145 2825 Sicilia
2196 2758 2475 2840 domita,
2528 2771 2605 2825 et
2656 2761 2761 2826 M.

563 2861 912 2925 Valerium
987 2861 1300 2924 absentes
1373 2857 1690 2923 consules
1762 2859 2152 2924 dixerunt.¹¹
2198 2859 2206 2864 '
2274 2859 2757 2928 Auctoritatem

1493 3019 1850 3041 OOOOOO‘OONO

569 3124 694 3184 post.
773 3117 950 3176 Forte,
981 3117 1074 3168 sibi
1107 3117 1425 3168 oculatorum!
1459 3117 1511 3170 J.
1534 3119 1595 3167 F.
1620 3117 1878 3182 (hom—5
1914 3119 1932 3146 ‘
1957 3119 2121 3170 Immo
2150 3127 2198 3170 et
2228 3123 2489 3172 meminisse
2512 3137 2584 3172 sc.
2604 3123 2765 3172 Vetu-

567 3187 721 3231 riam.
755 3182 872 3233 Jsc.
893 3182 1056 3231 (ἂι-οη.
1120 3181 1182 3230 Id
1209 3181 1426 3246 probsut
1449 3183 1595 3232 Duk.
1618 3190 1673 3231 et
1696 3183 1859 3233 Drak.
1892 3183 1983 3238 sed
2017 3199 2114 3232 nec
2139 3186 2400 3248 vulgatum
2423 3188 2687 3242 damnant,
2710 3193 2766 3236 et

572 3257 681 3295 taut
705 3245 1006 3305 meminisset,
1029 3259 1178 3309 quarn
1202 3246 1357 3295 redire
1379 3247 1444 3295 ad
1467 3246 1758 3296 centuriam
1797 3246 2034 3298 referunt
2071 3256 2127 3297 et
2160 3249 2223 3298 ad
2251 3251 2461 3313 juberet,
2488 3259 2547 3300 ut
2588 3251 2765 3299 Livius

569 3311 1012 3361 constructionem
1051 3311 1167 3374 ejus
1201 3311 1495 3372 variaverit,
1531 3311 1960 3375 quemadmodum
1995 3325 2097 3362 vu.
2138 3317 2218 3363 ³5.
2268 3325 2323 3362 x.
2356 3317 2437 3364 ⁴3.
2488 3327 2645 3364 xxiv.
2686 3319 2767 3364 lo.

579 3389 719 3436 xxv.
742 3379 822 3424 15.
857 3387 1024 3424 xxix.
1050 3379 1127 3425 14.
1161 3387 1352 3424 xxxn.
1378 3378 1456 3424 11.
1491 3387 1632 3424 xm.
1654 3375 1754 3424 89!
1792 3377 1991 3438 Rupere.
2077 3376 2276 3426 Probat
2322 3379 2479 3426 etism
2516 3379 2769 3441 Doering.

576 3444 674 3488 -6
711 3438 792 3487 ΑΙ.
825 3437 1220 3501 requiescere—'1
1255 3437 1273 3465 ‘
1297 3438 1516 3504 Asseriut
1541 3441 1625 3488 vel
1647 3438 1850 3488 usserint
1882 3440 1999 3489 eod.
2036 3441 2153 3489 Pal.
2181 3441 2318 3489 uude
2338 3441 2495 3490 (ΣΙ-εν.
2520 3443 2659 3506 conj.
2690 3457 2766 3492 so.-

576 3502 784 3564 ruterint,
802 3510 854 3550 et
873 3503 1122 3564 Deering.
1153 3504 1465 3550 concusserint
1483 3503 1562 3549 vel
1581 3517 1800 3550 concussa
1816 3503 1912 3552 sint
1929 3517 2071 3566 prope
2086 3503 2250 3567 (fere)
2264 3506 2432 3554 mania
2452 3505 2529 3554 R!
2554 3507 2768 3568 Rupert.

575 3569 674 3614 -8
708 3566 768 3615 Iu
795 3565 924 3615 Edd.
961 3574 1084 3616 aute
1123 3565 1286 3615 Grou.
1329 3567 1490 3628 Neque
1525 3571 1820 3615 vestrum—9
1854 3567 2034 3616 Plures
2068 3568 2197 3616 Mas.
2226 3569 2514 3630 petum—10
2548 3571 2635 3619 Sic
2674 3569 2769 3633 pro

569 3629 720 3692 vulg.
750 3635 796 3678 et
817 3629 1030 3694 Lauino,
1051 3629 1133 3693 qui
1160 3629 1490 3690 gessissem—1
1507 3633 1529 3677 l
1563 3630 1580 3657 ‘
1606 3629 1861 3679 Absentem
1894 3633 2101 3681 eonsules
2127 3633 2371 3682 diam-t.
2437 3631 2602 3682 Recte
2624 3633 2770 3696 Sigo-

1575 3765 1789 3814 No'rae

567 3885 575 3896 ·
646 3871 682 3896 ὓ
717 3860 780 3911 1η
805 3859 960 3922 Ovili]
997 3861 1217 3911 Nomine
1256 3861 1412 3910 Ovilis
1451 3861 1637 3910 intelli·
1724 3863 1880 3912 ovilis
1911 3870 2081 3913 autem
2118 3877 2303 3912 nomen
2340 3877 2406 3912 ex
2441 3863 2777 3914 similitudine

580 3939 718 4002 gitur
739 3946 941 4000 septum
964 3937 1207 3986 cancellis
1235 3939 1480 3994 clausum,
1501 3938 1640 3987 iutra
1721 3937 2021 4001 deductum,
2045 3954 2194 4004 quam
2232 3939 2411 3989 habuit
2442 3941 2583 3989 locus
2621 3941 2777 3990 corni-

584 4017 736 4080 quod·
757 4025 854 4078 per
887 4021 1099 4076 pontem
1123 4009 1546 4077 ingrediebantur
1566 4015 1639 4063 ci·
1720 4015 1906 4063 tiorum
1950 4029 2064 4064 cum
2099 4025 2269 4078 septo,
2305 4029 2408 4080 quo
2446 4015 2779 4066 includuntur

579 4103 673 4139 ves
693 4090 940 4152 cujusque
957 4087 1224 4142 centur-im,
1243 4091 1321 4136 vel
1343 4087 1641 4149 tribut‚suf-
1720 4097 1870 4152 extra
1890 4091 2124 4153 hyemem
2147 4095 2519 4152 pernoctantes·
2543 4106 2688 4156 oves,
2711 4091 2775 4142 ‘ad

587 4163 806 4225 fragium
843 4163 1055 4220 dicturi,
1094 4169 1150 4210 ut
1187 4161 1446 4213 Gruchius
1482 4164 1570 4212 lib.
1601 4177 1641 4213 r.
1720 4163 2081 4216 stercorandos
2106 4180 2273 4231 agros.

587 4237 655 4286 de
699 4237 922 4288 comitiis
967 4237 1112 4287 Rom.
1155 4237 1400 4301 explicat,
1437 4239 1641 4304 aliique.
