3159 4934
592 414 765 480 1922
1525 431 1594 479 τ.
1641 429 1828 480 mvn

586 577 941 640 movebat:
989 593 1392 657 quanquam,
1426 593 1579 657 quae
1605 575 1808 640 facile
1839 593 2100 638 omnem
2129 575 2522 658 patientiam
2553 576 2782 642 vince·
2841 589 2846 594 “

584 682 751 752 rent,
798 676 1267 741 nuntiabantur
1316 695 1360 739 a
1404 675 1724 741 Casilino.
1831 675 2012 741 Nam
2057 682 2146 754 et,
2189 679 2660 761 praecipitasse
2711 699 2786 743 se

594 777 921 860 quosdam
952 796 1089 841 non
1120 777 1472 840 tolerantes
1498 776 1768 852 famem,
1799 777 2183 854 constabat,
2203 787 2273 840 et
2295 783 2472 842 stare
2503 779 2787 844 inermes

586 879 663 940 -in
710 879 938 954 muriS,
982 877 1161 941 nuda
1202 895 1489 959 corpora
1532 876 1618 940 ad
1665 878 2023 941 missilium
2071 877 2348 942 telorum
2401 881 2575 944 ictus
2620 899 2789 963 prae-

596 980 845 1043 bentes.
934 977 1037 1042 Ea
1094 997 1266 1060 aegre
1316 977 1575 1060 patiens
1625 977 1997 1056 Gracchus,
2025 997 2182 1042 cum
2229 997 2452 1064 neque
2495 999 2788 1064 pugnam

590 1087 945 1144 conserere
997 1079 1343 1143 dictatoris
1398 1080 1662 1163 injussu
1713 1077 2008 1155 auderet,
2057 1078 2519 1166 (pugnandum
2565 1089 2786 1146 autem

598 1201 779 1258 esse,
822 1183 883 1244 si
941 1181 1166 1262 palam
1210 1179 1614 1246 frumentum
1655 1181 2064 1265 importaret,
2118 1179 2524 1263 videbat,)¹⁶
2573 1201 2790 1266 nequo

598 1282 778 1347 clam
836 1281 1238 1364 importandi
1290 1299 1447 1364 spes
1490 1288 1699 1360 esset,
1749 1281 1943 1358 farre,
1995 1302 2084 1346 ex
2129 1283 2307 1366 agris
2349 1284 2533 1348 circa
2599 1284 2791 1348 undi-

598 1402 733 1465 que
790 1389 1139 1459 convecto,
1192 1401 1343 1445 cum
1400 1383 1742 1464 complura
1783 1382 1962 1447 dolia
2001 1383 2431 1467 complesset,
2491 1385 2790 1449 nuntium

590 1482 689 1545 ad
752 1483 1205 1564 magistratum
1282 1479 1652 1546 Casilinum
1732 1484 1932 1561 misit,
1991 1490 2067 1547 ut
2141 1485 2528 1567 exciperent
2583 1475 2792 1561 dolia,

600 1605 755 1668 quae
802 1586 1013 1649 amnis
1052 1585 1362 1648 deferret.
1448 1583 1848 1667 Insequenti
1887 1593 2114 1663 nocte,
2159 1587 2432 1650 intentis
2481 1587 2792 1652 omnibus

600 1689 669 1749 in
698 1687 932 1750 flumen
966 1705 1047 1751 ac
1076 1705 1265 1769 spem
1308 1685 1397 1750 ab
1429 1686 1664 1748 nuntio
1697 1683 2004 1750 Romano
2052 1686 2324 1763 factam,
2361 1685 2544 1750 dolia
2575 1686 2793 1750 medio

602 1788 815 1850 missa
870 1787 1051 1850 amni
1082 1785 1588 1850 defluxerunt2⁴
1615 1787 1967 1868 aequaliter
2011 1787 2188 1852 inter
2231 1804 2464 1851 omnes
2511 1787 2793 1852 frumen-

611 1894 747 1951 tum
802 1887 1115 1951 divisum.
1204 1885 1289 1950 Id
1338 1891 1612 1969 postem
1668 1905 1939 1969 quoque
1983 1887 2094 1952 die
2152 1905 2233 1952 ac
2289 1890 2488 1954 tertio
2535 1887 2796 1953 sactum

606 1997 733 2052 est.
824 1989 1047 2053 Nocte
1078 1996 1148 2052 et
1178 1989 1598 2052 mittebantur
1633 1996 1703 2052 et
1731 1989 2204 2069 perveniebant
2223 2008 2243 2050 ε
2263 1996 2312 2039 ¹⁷
2341 2009 2422 2055 eo
2453 1991 2796 2055 custodias

608 2089 901 2154 hostium
954 2089 1303 2154 fallebant.
1410 2087 1751 2152 Imbribus
1821 2087 2056 2154 deinde
2103 2091 2464 2154 continuis
2523 2089 2799 2156 citatior

608 2192 807 2256 solito
858 2193 1075 2256 amnis
1138 2199 1513 2255 transverso
1564 2191 1816 2256 vortice
1873 2191 2057 2255 dolia
2102 2192 2368 2274 impulit
2417 2191 2500 2256 ad
2563 2191 2799 2273 ripam,

610 2311 813 2375 quam
874 2292 1110 2357 hostes
1174 2279 1556 2356 servabant.
1676 2289 1787 2355 Ibi
1829 2291 2148 2357 haerentia
2193 2293 2360 2356 inter
2409 2293 2659 2357 obnata
2713 2295 2800 2357 ri-

598 2395 721 2475 -pis
770 2393 1013 2457 salicta
1054 2392 1588 2474 conspiciuntur:
1641 2393 2138 2477 nuntiatumque
2169 2392 2540 2458 Hannibali
2579 2401 2704 2474 est,
2733 2401 2804 2460 et

611 2493 854 2558 deinde
884 2494 1236 2558 intentiore
1266 2491 1581 2556 custodia
1613 2497 1907 2568 cautum,
1936 2511 2022 2556 ne
2049 2494 2210 2576 quid
2241 2493 2499 2561 falleret
2523 2493 2803 2560 Vultur-

598 2613 697 2658 -no
727 2595 815 2658 ad
844 2595 1069 2660 urbem
1094 2595 1399 2658 missum.
1488 2593 1726 2657 Nuces
1769 2597 1990 2658 tamen
2035 2594 2208 2659 fusae
2231 2595 2280 2633 ¹⁸
2301 2592 2328 2630 ¹²
2357 2597 2444 2660 ab
2477 2596 2802 2662 Romanis

601 2697 882 2773 castris,
914 2715 1067 2760 cum
1100 2695 1322 2759 medio
1350 2695 1533 2758 amni
1563 2693 1648 2757 ad
1683 2693 2054 2759 Casilinum
2086 2694 2468 2776 defluerent,
2508 2699 2806 2763 cratibus

612 2798 1136 2881 excipiebantur.
1223 2794 1579 2861 Postremo
1611 2795 1696 2860 ad
1727 2794 1799 2860 id
1828 2803 2099 2860 ventum
2129 2798 2379 2880 inopiae
2405 2805 2531 2878 est,
2561 2805 2636 2862 ut
2661 2801 2807 2864 lora

614 2899 1082 2982 detractasque
1145 2899 1362 2962 scutis
1414 2897 1652 2980 pelles,
1707 2897 1824 2961 ubi
1877 2898 2130 2962 fervida
2180 2899 2546 2964 mollissent
2605 2919 2804 2984 aqua,

616 3000 925 3064 mandere
974 3005 1387 3074 conarentur,
1428 3017 1549 3060 nec
1593 2997 1897 3061 muribus
1941 2999 2160 3062 aliove
2205 2999 2474 3063 animali
2517 3002 2806 3066 abstine-

617 3108 784 3178 rent,
808 3110 877 3164 et
896 3119 1087 3164 omne
1112 3098 1465 3162 herbarum
1493 3096 1926 3179 radicumque
1949 3117 2156 3180 genus
2185 3102 2533 3182 aggeribus
2563 3103 2806 3169 infimis

616 3204 787 3266 muri
818 3208 1163 3279 eruerent3
1193 3206 1285 3277 et,
1314 3218 1481 3263 cum.
1500 3198 1728 3263 hostes
1759 3199 2170 3277 obarassant,
2200 3202 2516 3284 quicquid
2551 3203 2806 3270 herbidi

683 3411 711 3448 ⁴
744 3417 955 3466 Deva-ta
971 3420 1085 3465 suat
1105 3415 1304 3465 seeundo
1325 3429 1479 3464 am.

1536 3537 1890 3557 000000000000

621 3659 801 3708 dictum
832 3673 863 3706 a
897 3658 1277 3708 dictatores-16
1312 3656 1575 3719 importare
1611 3657 1768 3718 vellet,
1805 3655 1988 3705 videret
2023 3655 2156 3706 Edd.
2191 3664 2310 3707 ante
2333 3657 2689 3708 Gronov—17
2725 3659 2811 3711 ΑΙ.

1605 3831 1820 3882 NOTAE

686 3949 711 3983 ¹
746 3949 904 3998 Nuce·
937 3951 1096 3995 tamen
1132 3943 1288 4010 [inde]
1317 3945 1474 4007 susa]
1508 3943 1675 3992 Mem·
1756 3957 1874 3992 num
1897 3958 2078 4009 usqne.
2147 3945 2288 3994 Hinc
2323 3945 2673 3998 prenestinos
2703 3949 2814 3999 Nu·

623 4029 801 4077 branae
839 4025 1030 4074 habent
1069 4023 1228 4071 Nuces
1262 4027 1415 4070 tamen
1439 4020 1585 4082 sm,
1623 4020 1673 4068 id
1754 4020 1880 4068 culos
1902 4019 2074 4071 dictos
2107 4034 2222 4070 eae
2259 4022 2446 4071 Festus
2485 4032 2650 4081 notat.
2676 4027 2812 4089 quod

626 4109 725 4160 est,
760 4101 989 4164 quumvis
1026 4099 1230 4148 intenta
1264 4105 1403 4146 esset
1440 4096 1680 4146 custodia
1755 4097 1834 4147 hae
1858 4097 2062 4148 illorum
2091 4098 2334 4149 cohortes
2365 4099 2580 4153 Casilini
2605 4103 2812 4154 incluta

627 4178 926 4231 Poeuornm.
968 4174 1291 4223 nihilominus
1346 4187 1503 4222 nuces
1560 4186 1678 4235 pro·
1757 4185 1869 4223 sese
1892 4171 2110 4223 nucibus
2135 4181 2533 4227 sustentarent.

623 4254 785 4318 jectae
824 4254 877 4301 in
921 4249 1109 4301 flumen
1150 4248 1454 4300 ferebantur
1498 4248 1677 4299 Casili·
