3159 4934
276 3891 283 3898 .
355 3825 523 3886 piat-ea

1158 423 1301 472 us.
1348 421 1577 472 xxvr.
1625 423 1790 473 car».
1831 409 1897 472 7.
2399 411 2572 478 2177

358 581 615 642 magna
644 565 837 628 caedo
882 565 1214 646 hostiurm
1266 565 1660 648 elephantos
1709 569 1842 650 igni
1881 587 1920 631 e
1967 567 2210 634 castris
2257 575 2568 636 e'xactos.

362 665 534 728 Hoc
562 665 869 730 ultimum
902 663 1303 752 (utcumque
1332 667 1569 732 initum
1599 669 1994 753 finitumque
2023 667 2169 752 est)
2194 675 2348 735 ante
2377 669 2572 734 dedi·

362 765 623 830 tionem
656 766 918 851 Capuae
952 769 1255 851 praelium
1288 768 1438 834 fuit.
1530 769 2054 847 Medixtuticus,
2095 771 2214 853 qni
2265 781 2570 838 summus

360 869 799 948 magistratus
830 870 1011 953 apud
1048 871 1435 954 Campanos
1467 881 1598 949 est,
1645 891 1732 935 eo
1771 891 1945 937 anno
1991 872 2290 956 Seppius
2321 871 2570 940 Lesius

362 973 535 1043 erat,
566 969 718 1035 loco
748 971 1037 1036 obscuro
1082 973 1393 1057 tenuique
1444 973 1714 1038 fortuna
1765 981 1978 1038 ortus.
2047 973 2364 1038 .Matrem
2413 975 2568 1058 ejus

364 1071 735 1155 quondam,
802 1093 927 1156 pro
979 1075 1245 1158 pupillo
1307 1095 1389 1140 eo
1444 1084 1912 1158 procurantem
1955 1075 2282 1140 familiare
2346 1085 2570 1148 osten-

362 1179 579 1249 tum,¹¹·
606 1191 755 1244 cum
788 1177 1253 1261 respondisset
1280 1178 1646 1262 haruspex,
1667 1197 1992 1242 summum
2019 1178 2200 1262 quod
2231 1185 2412 1242 esset
2441 1179 2564 1242 im·

360 1275 627 1356 perium
660 1275 943 1360 Capuae,
980 1287 1443 1361 perventurum
1474 1281 1565 1346 ad
1599 1301 1752 1351 eum
1780 1299 2082 1365 puerum,
2099 1277 2266 1342 nihil
2296 1278 2384 1342 ad
2415 1297 2567 1343 eam

360 1392 559 1456 spem
611 1385 1155 1458 agnoscentem·
1197 1378 1459 1444 dixisse
1510 1381 1749 1457 ferunt,
1793 1388 1814 1416 ‘
1841 1379 1972 1445 Nae
2001 1385 2070 1444 tu
2109 1379 2406 1463 perditas
2455 1397 2567 1444 res

362 1473 868 1560 Campanorum
890 1499 1151 1556 narras»,
1179 1481 1301 1544 ubi
1336 1500 1638 1546 summus
1679 1483 1894 1546 honos
1943 1481 2032 1546 ad
2075 1483 2288 1546 filium
2335 1499 2564 1546 meum

362 1577 775 1657 pervenietl'
866 1579 969 1644 Ea
994 1579 1378 1644 ludificatio
1408 1583 1575 1655 veri,
1622 1590 1694 1647 et
1739 1585 1896 1666 ipsa
1937 1583 2008 1646 in
2057 1601 2280 1664 verum
2319 1581 2563 1648 uertit·

366 1673 555 1740 Nam
588 1697 741 1742 cum
770 1679 949 1744 fame
993 1681 1309 1765 ferroque
1336 1690 1740 1764 urgerentur,
1771 1703 1894 1748 nec
1933 1703 2090 1768 spes
2125 1682 2286 1748 nlla
2331 1702 2562 1765 super·

362 1789 571 1855 esset,
602 1781 709 1856 iis,
738 1783 857 1864 qui
886 1786 1024 1847 nati
1057 1785 1147 1848 in.
1161 1800 1353 1867 spem
1380 1785 1704 1851 honorum
1735 1791 1945 1861 erant,
1993 1783 2269 1849 honores
2301 1783 2568 1852 detrec·-

362 1882 699 1962 tantibus3
746 1883 1014 1962 Lesius,
1032 1885 1371 1970 querendo
1401 1886 1732 1952 desertam
1764 1906 1858 1952 ac
1878 1885 2210 1971 proditam
2241 1905 2284 1952 a
2313 1887 2560 1970 primo·

360 1983 547 2046 ribus
609 1985 937 2068 Capuam,
990 2005 1325 2052 summum
1392 1991 1862 2072 magistratum
1913 1988 2196 2052 ultimus
2255 1989 2558 2056 omnium

363 2083 859 2167 Campanorum
890 2090 1099 2170 cepit.

448 2187 515 2250 ⁶7.
560 2186 875 2256 Ceterum
930 2189 1303 2268 Hannibal,
1362 2195 1436 2256 nt
1478 2209 1604 2254 nec
1653 2191 1880 2256 hostes
1927 2147 2080 2254 elici
2126 2191 2416 2275 amplius
2465 2193 2558 2257 ad

361 2305 668 2371 pugnarn
680 2289 873 2365 vidit,
904 2309 1023 2356 nec
1058 2309 1177 2372 per
1210 2297 1433 2356 castra
1469 2309 1698 2355 eorum
1731 2293 2068 2375 perrumpi
2105 2292 2194 2358 ad
2237 2291 2557 2376 Capuam

360 2407 590 2470 posse,
642 2409 722 2454 ne
772 2411 937 2456 suos
982 2411 1249 2476 quoque
1270 2400 1317 2440 ¹³
1394 2401 1802 2458 commeatus
1853 2395 2358 2460 intercluderent
2399 2396 2558 2461 novi

363 2492 703 2569 consuleS,
734 2493 1099 2558 abscedere
1126 2495 1313 2559 irrito
1344 2497 1621 2577 incepto
1651 2504 1722 2560 et
1761 2515 2028 2562 movere
2065 2517 2106 2560 a
2146 2497 2385 2580 Capua
2415 2505 2558 2562 sta-

362 2595 487 2658 tuit
514 2603 759 2660 castra.
803 2595 1031 2660 Multa
1064 2615 1320 2671 secum,
1350 2615 1485 2679 quo
1504 2599 1652 2680 jam
1678 2596 1830 2660 inde
1851 2604 1904 2644 ¹4
1931 2599 2028 2662 ire
2051 2606 2382 2680 pergeret,
2414 2600 2558 2664 vol·

363 2699 545 2760 venti
575 2697 779 2762 subiit
826 2699 1121 2764 animum
1168 2699 1483 2778 impetuS,
1528 2704 1740 2778 caput
1789 2699 2012 2778 ipsum
2053 2697 2214 2762 belli
2261 2697 2553 2764 Romam

362 2799 666 2886 petendi:
712 2801 909 2883 cujus
950 2801 1045 2862 rei
1088 2817 1355 2881 semper
1402 2797 1656 2880 cupita}
1700 2797 2216 2879 praetermissam
2249 2801 2558 2862 occasio-

364 2919 509 2964 nem
544 2908 701 2983 post
734 2903 1157 2966 Cannensem
1205 2917 1499 2981 pugnam
1554 2901 1622 2962 et
1670 2897 1786 2961 alii
1820 2896 2018 2978 vulgo
2067 2896 2454 2975 fremebant,
2489 2905 2556 2966 et

360 3001 509 3082 ipse
556 3021 687 3065 non
732 3000 1216 3065 dissimulabat.
1306 3003 1327 3032 ‘
1352 2997 1783 3084 Necopinato
1822 3017 2070 3083 pavore
2112 3019 2195 3064 ac
2240 3000 2550 3080 tumultu,

360 3121 485 3165 non
542 3121 689 3166 esse
742 3101 1242 3186 desperandum,
1319 3101 1614 3184 aliquam
1663 3109 1921 3185 partem
1977 3101 2170 3166 urbis
2228 3104 2550 3186 occupari

361 3223 601 3286 posse3
647 3211 795 3282 et‚'⁵
838 3206 900 3270 si
946 3205 1173 3270 Roma
1203 3206 1274 3267 in
1306 3201 1689 3267 discrimine
1721 3210 1930 3277 esset,
1961 3201 2262 3285 Capuam
2297 3210 2552 3270 extem·

360 3305 473 3390 plo
504 3307 873 3371 omissuros
904 3312 1023 3371 aut
1050 3307 1249 3370 ambo
1274 3302 1327 3344 ¹⁶
1368 3306 1798 3386 imperatores
1826 3303 2198 3382 Romanos,
2236 3315 2354 3368 aut
2382 3307 2552 3370 alte·

360 3424 499 3472 rum
530 3427 615 3472 ex
644 3411 767 3490 iis3
818 3415 906 3484 et,
935 3411 993 3472 si
1039 3407 1489 3472 divisissent¹⁷
1536 3405 1793 3489 copias,
1841 3419 2200 3487 utrumque
2241 3405 2550 3470 infirmio-

364 3531 489 3574 rem
534 3511 784 3576 factum
827 3515 943 3575 aut
974 3510 1129 3587 sibi,
1158 3517 1277 3576 aut
1301 3507 1688 3591 Campanis,
1731 3508 1896 3572 bene
1925 3505 2233 3586 gerendae
2277 3507 2372 3570 rei
2415 3506 2550 3570 for·

360 3619 583 3688 tunam
632 3613 911 3738 daturos
968 3609 1161 3674 esse?
1250 3609 1407 3675 Una
1465 3617 1588 3674 ea¹
1567 3609 1620 3648 ¹⁸
1683 3627 1842 3674 cura
1899 3608 2209 3690 angebat,
2265 3627 2374 3684 ne,
2427 3610 2546 3674 ubi

417 3768 457 3792 ⁸
492 3763 613 3812 Can
631 3767 799 3826 portua
770 3767 903 3812 ntum
920 3760 1243 3822 damarum,
1264 3760 1387 3821 quod
1410 3758 1483 3808 511⁸·
1512 3758 1664 3808 adbuc
1691 3755 1872 3819 pupillo
1892 3753 2176 3815 materne,
2198 3755 2431 3821 sacrificio
2459 3771 2546 3806 ex·

422 3891 557 3938 *ac
560 3905 603 3938 m
625 3891 795 3940 nihile
799 3891 952 3940 ider-et
971 3890 1095 3952 quod
1113 3889 1176 3938 ud
1196 3887 1423 3948 <immadi
1442 3899 1568 3948 spem
1590 3889 1870 3938 momentum
1892 3881 2068 3946 afferre
2087 3883 2231 3930 ullum
2247 3897 2382 3945 posse
2357 3890 2424 3932 e.t

418 3953 593 4002 ’cHoe
568 3970 761 4016 crum
764 3955 819 4010 ii,
842 3956 963 4018 quod
984 3953 1215 4012 eemmss
1220 3956 1259 4000 it
1280 3955 1504 4013 quantam
1523 3950 1588 3996 ad
1605 3947 1736 3998 Lesii
1747 3947 2050 4010 dignitatem,
2064 3946 2270 4006 derisim-
2301 3963 2412 3998 veru
2431 3963 2544 4011 quo·

360 4021 445 4082 q'ue
462 4021 611 4081 ipsae
587 4021 737 4068 emit
757 4025 1025 4082 quantana
997 4017 1249 4066 admisu·
1220 4031 1299 4064 ιιιιι
1322 4015 1718 4080 Capuam.

1272 4139 1481 4162 OMOO
1452 4137 1632 4159 ‘Gom

372 4176 532 4281 ,186
514 4227 621 4278 6τδ
652 4226 1051 4312 quoquedelevit
1084 4225 1137 4277 J.
1172 4226 1231 4274 F.
1266 4223 1428 4275 Gran.
1466 4223 1559 4272 ted
1599 4221 1687 4273 li.b
1717 4227 1818 4272 ret.
1856 4226 1913 4271 et
1949 4219 2082 4268 Mss-
2122 4218 2226 4267 Dra
2228 4216 2383 4267 kenb.
2417 4231 2544 4268 οοιι-

360 4304 557 4348 stanter
579 4293 709 4343 illud
734 4289 985 4342 servant-⁹
1018 4290 1253 4352 Decrius.
1254 4293 1383 4340 -14
1420 4289 1636 4345 Quonam
1665 4287 1777 4337 inde
1812 4284 2014 4346 recepit
2045 4281 2212 4332 Drak.
2247 4296 2279 4330 e
2315 4283 2544 4347 conject.

358 4359 889 4413 Mur.etGron.-16
926 4355 1047 4406 Vet.
1070 4355 1160 4406 lib·
1182 4351 1324 4420 apud
1338 4353 1517 4420 Sigon.
1551 4354 1626 4404 Eo
1646 4367 1692 4404 ιι
1717 4353 1889 4402 Rona-
1891 4351 2021 4400 -16
2052 4345 2226 4400 Ambos
2255 4346 2407 4398 Crev.
2413 4349 2542 4398 -ιτ
