3159 4934
614 411 789 478 2080
1552 427 1622 474 ⁰1·-
1671 415 1863 474 mvn

619 573 707 636 ab
737 578 964 636 senatu
995 559 1217 634 daturn
1249 576 1377 646 est,
1410 568 1614 634 uthis
1640 560 2422 651 religionibus''populum
2463 569 2824 633 liberaret.

617 665 703 736 Is'
721 679 788 735 et
816 673 882 735 in
905 673 1226 735 concione
1256 678 1528 735 senatus
1558 673 1938 734 consultum
1969 670 2270 734 recitavit
2291 675 2358 732 et
2383 670 2620 746 edixit,
2641 675 2663 705 ‘
2685 669 2828 747 Ut,

619 773 1019 855 quicumque
1046 772 1253 835 libros
1283 772 1612 835 vaticinos
1635 784 1661 808 ·
1692 772 2190 853 precationesve
2218 778 2338 834 aut
2366 779 2572 836 artem
2593 772 2830 835 sacri-

616 871 859 936 ficandi
911 873 1345 954 conscriptam
1392 871 1684 948 haberet,
1735 891 1854 934 eos
1896 872 2100 935 libros
2150 891 2386 936 omnes
2434 872 2826 955 literasque

619 973 706 1037 ad
737 992 811 1036 se
843 979 996 1037 ante
1023 971 1375 1036 Kalendas
1407 970 1676 1055 Apriles
1707 971 2028 1037 deferret:
2073 991 2200 1036 neu
2229 974 2407 1055 quis,
2435 975 2504 1036 in
2525 973 2822 1056 publico

618 1092 900 1138 sacrove
930 1075 1107 1144 loco,
1140 1092 1321 1137 novo
1344 1081 1459 1138 aut
1488 1082 1760 1138 externo
1792 1075 1915 1138 ritu
1951 1073 2400 1138 sacrificaret!

703 1180 766 1238 2.
816 1175 905 1242 Et
933 1175 1198 1257 aliquot
1222 1176 1469 1258 publici
1502 1175 1883 1240 sacerdotes
1911 1177 2156 1240 mortui
2181 1196 2263 1240 eo
2289 1194 2462 1241 anno
2486 1181 2675 1239 sunt:
2721 1175 2810 1239 1..

622 1274 967 1340 Cornelius
990 1275 1312 1341 Lentulus
1340 1279 1649 1359 pontifex
1679 1278 2040 1354 maxirnuS,
2073 1285 2142 1342 et
2166 1277 2242 1341 C.
2270 1276 2584 1359 Papirius
2614 1276 2696 1342 G.
2723 1275 2808 1341 F.

622 1375 827 1440 Maso
866 1379 1195 1460 pontifex,
1223 1387 1289 1442 et
1335 1378 1415 1442 P.
1464 1378 1702 1443 Furius
1742 1378 1982 1443 Philus
2023 1397 2253 1460 augur,
2282 1384 2348 1441 et
2375 1375 2457 1441 G.
2487 1376 2810 1460 Papirius

623 1477 703 1542 L.
765 1479 843 1543 F.
899 1478 1100 1542 Maso
1147 1478 1480 1544 decemvir
1530 1499 1894 1544 sacrorum.
1982 1479 2062 1543 In
2113 1479 2375 1544 Lentuli
2425 1479 2651 1544 locum
2707 1478 2810 1542 M.

623 1578 975 1642 Cornelius
1004 1580 1358 1662 CetheguS‚
1392 1580 1459 1644 in
1496 1573 1746 1665 Papirii
1778 1581 1899 1646 Cn.
1939 1580 2261 1645 Servilius
2301 1579 2556 1662 Caepio,
2585 1581 2809 1663 ponti-

622 1680 790 1743 fices
819 1681 1079 1745 suffecti
1113 1689 1285 1746 sunt.
1351 1683 1583 1764 Augur
1611 1689 1872 1748 creatus
1905 1683 1987 1746 L.
2019 1681 2338 1760 Quintius
2365 1680 2808 1758 Flamininus,

623 1780 954 1845 decemvir
984 1791 1361 1848 sacrorum⁸
1406 1785 1487 1848 J..
1530 1783 1886 1848 Cornelius
1927 1783 2273 1849 LentuluS.
2363 1781 2808 1847 comitiorum

625 1883 1077 1948 consularium
1100 1885 1239 1967 jam
1272 1887 1632 1968 appetebat
1659 1875 1969 1968 ternpu33
2030 1885 2173 1962 sed,
2203 1883 2364 1969 quia
2407 1885 2716 1950 consules
2765 1904 2810 1948 a

622 1981 808 2044 bello
839 1984 1130 2046 intentos
1162 1985 1489 2048 avocare⁸
1534 2005 1666 2049 uon
1695 1985 2034 2068 placebat,
2065 1985 2147 2050 Τ.
2179 1986 2617 2068 Sempronius
2649 2003 2810 2050 con-

628 2080 732 2142 sul
771 2083 1180 2147 comitiorum
1216 2103 1424 2148 causa
1453 2084 1844 2150 dictatorem
1887 2085 2061 2150 dixit
2106 2084 2187 2149 G.
2235 2084 2596 2150 Claudium
2637 2084 2808 2150 Gen-

624 2180 909 2247 thonem.
999 2183 1111 2249 Ab
1138 2205 1218 2249 eo
1266 2187 1583 2264 magister
1633 2175 1932 2268 equiturn
1978 2192 2084 2251 est
2121 2186 2347 2252 dictus
2387 2187 2477 2266 Q.
2524 2187 2814 2252 Fulvius

627 2281 934 2346 Flaccus».
1022 2285 1331 2350 Dictator
1359 2289 1575 2368 primo
1606 2287 1924 2351 comitiali
1963 2288 2072 2352 die
2101 2289 2352 2353 creavit
2380 2288 2688 2353 consules
2721 2287 2811 2366 Q.

628 2383 942 2447 Fulvium
992 2385 1338 2466 Flaccum,
1376 2389 1760 2471 magistrum
1809 2391 2130 2473 equitum,
2173 2397 2240 2454 et
2289 2382 2812 2474 Ap.'Clandium

628 2481 1013 2562 Pulchrum,
1063 2488 1172 2551 cui
1219 2489 1449 2552 Sicilia
1499 2490 1844 2572 provincia
1873 2491 1941 2552 in
1988 2495 2275 2574 praetura
2315 2490 2552 2556 fuerat.
2635 2492 2810 2556 Tum

628 2593 950 2666 praetores
986 2588 1187 2651 creati
1240 2587 1364 2652 Cn.
1396 2589 1680 2654 Fulvius
1732 2589 2043 2669 FlaccuS,
2095 2591 2175 2658 C.
2216 2591 2548 2657 Claudius
2598 2591 2813 2670 Nero,

632 2683 732 2754 Μ.
763 2685 1009 2750 Junius
1056 2687 1347 2768 Silanus,
1379 2692 1463 2754 P.
1508 2691 1862 2756 Cornelius
1909 2693 2120 2776 Sylla.
2210 2681 2516 2758 comitiis
2561 2694 2816 2778 persec-

629 2789 743 2862 tis,
790 2786 1076 2852 dictator
1104 2791 1502 2872 magistratu
1533 2795 1723 2858 abiit.
1811 2794 2056 2859 AEdilis
2087 2794 2339 2859 curulis
2369 2795 2492 2859 fuit
2517 2813 2601 2859 eo
2631 2814 2810 2858 anno

631 2907 783 2951 cum
820 2889 918 2954 M.
949 2888 1261 2956 Cornelio
1285 2892 1620 2976 Cethego⁹
1666 2896 1748 2960 P.
1781 2889 2132 2963 Cornelius
2176 2893 2464 2978 Scipio,¹¹
2509 2897 2623 2960 cui
2660 2903 2818 2980 post

631 2987 955 3050 Africano
982 2989 1105 3052 fuit
1133 3009 1520 3072 cognomen.
1611 2996 1802 3062 Huic
1835 2997 2079 3081 petenti
2107 2997 2486 3062 aedilitatem
2511 3016 2664 3062 cum
2693 3000 2815 3063 ob-

693 3165 716 3192 ⁶
762 3158 1090 3210 Divinam-ion
1109 3164 1303 3214 codices.

1578 3247 1600 3266 θ
1636 3247 1721 3270 000
1725 3249 1900 3270 ‘meo

697 3321 727 3368 8
764 3321 989 3372 Consules
1006 3323 1121 3374 bello
1142 3325 1349 3376 intento-r
1373 3331 1600 3382 advocare
1633 3336 1734 3397 leg.
1754 3350 1782 3383 e
1804 3337 1855 3385 2.
1873 3333 2000 3383 Mas.
2036 3333 2384 3397 Doering.-9
2417 3333 2570 3396 conj.
2593 3333 2816 3397 Rupert-

1621 3459 1842 3512 No'rAE

634 3545 759 3596 ΝΜ
782 3563 799 3608 3
833 3549 925 3598 ⁸00
972 3551 1149 3599 edne·
1190 3555 1410 3610 curulem
1448 3559 1683 3621 quamvis
1762 3569 1882 3611 sunt
1905 3575 1985 3611 an.
2013 3561 2078 3610 U.
2103 3559 2166 3609 C.
2187 3562 2301 3609 ³8⁰.
2323 3558 2393 3609 ita
2417 3564 2476 3608 nt
2497 3559 2722 3624 quinque
2745 3575 2814 3610 ex

635 3621 702 3670 de
722 3623 875 3672 rebus
899 3625 1165 3676 venalibus
1183 3636 1684 3693 cognoscerent,mi-
1764 3634 2014 3699 patriciis,
2055 3635 2272 3685 totidem
2311 3647 2376 3683 ex
2417 3635 2632 3698 plebeiis
2675 3649 2816 3684 crea·

632 3697 846 3745 noribnn
902 3702 1285 3765 magistratibus
1347 3720 1682 3758 connumera·
1765 3719 1962 3760 remur.

634 3769 827 3826 bantur
846 3778 1229 3837 comparatione
1246 3781 1527 3840 consulum,
1550 3798 1683 3847 pre·
1827 3787 1852 3822 Ι·
1889 3789 1948 3836 Ρ.
1989 3788 2239 3838 emelim
2281 3787 2465 3852 Scipio]
2494 3789 2694 3840 Auctor
2731 3795 2817 3840 est

635 3851 825 3908 torum,
855 3850 951 3902 διο·
1763 3862 1855 3913 lib.
1878 3877 1934 3913 x.
1971 3864 2158 3928 Polyb.
2191 3865 2328 3914 Pub.
2377 3866 2668 3929 Scipionem
2699 3881 2817 3917 curn

701 3930 726 3966 t
780 3923 1035 4012 Decerntir
1082 3930 1346 3992 mmm]
1401 3933 1501 3985 Qui
1544 3935 1684 3996 prius
1768 3941 1892 3990 Luc.
1911 3941 2155 4005 Scipione
2190 3939 2357 3992 fratre
2397 3941 2603 3993 aedilem
2634 3939 2819 4006 fnisse,

637 3996 888 4046 duumviri
914 3997 1055 4048 libri·
1090 3999 1375 4068 sibyllinis,
1396 4021 1485 4056 seu
1508 4007 1687 4059 fatidi—
1770 4015 1928 4080 ithue
1945 4017 2186 4066 observat
2207 4017 2364 4066 etiam
2387 4017 2618 4068 Velleius
2639 4019 2733 4068 lib.
2755 4033 2818 4067 u.

636 4077 732 4137 cis,
760 4074 1107 4140 inspiciendin,
1140 4088 1195 4128 et
1229 4084 1391 4133 sacris
1420 4099 1484 4134 ex
1510 4102 1687 4137 eorum
1767 4091 1904 4156 quod
1927 4091 2134 4142 omnino
2157 4106 2348 4158 rarum,
2369 4099 2429 4144 nt
2463 4094 2680 4160 collega
2713 4093 2818 4144 fra·

636 4149 836 4200 monitu
888 4151 1129 4201 curandis
1180 4160 1440 4220 praepositi
1495 4173 1644 4214 erant
1668 4179 1685 4226 ς
1767 4174 1875 4219 tres
1893 4175 2083 4218 essent.

637 4229 823 4289 postea
846 4233 996 4278 aucto
1020 4241 1231 4281 numero
1253 4231 1534 4288 decemviri
1561 4238 1686 4292 facti
