3159 4934
563 372 738 443 2030
1495 388 1564 437 r.
1612 387 1806 441 mvn

568 530 847 597 vixdum
875 531 1355 616 pubescentem
1393 529 1615 595 facere
1658 529 2011 617 potuisse?
2083 526 2371 595 Tutores
2405 548 2488 595 ac
2518 530 2757 613 mugis-

567 640 707 697 tros
727 641 780 671 ¹0
809 632 1002 717 ejus?
1031 635 1154 698 sub
1207 633 1430 698 aliena
1463 633 1717 697 invidia
1755 650 2090 715 regnasse.
2180 631 2421 715 Itaque
2452 641 2571 697 eut
2600 639 2759 697 ante

571 734 1074 817 Hieronymum,
1099 743 1219 799 eut
1245 744 1420 799 certe
1442 754 1599 800 cum
1616 734 2027 818 Hieronymo
2050 733 2261 817 perire
2280 752 2401 798 eos
2428 733 2760 799 debuisse.

567 834 870 911 Atilios,
891 835 1158 901 debitos
1175 836 1318 918 jam
1350 836 1542 899 morti
1573 835 2109 919 destinatosque,
2134 835 2274 899 alia
2302 854 2475 900 nove
2502 836 2761 900 scelera

566 945 723 1022 post
777 945 1054 1000 mortem
1100 937 1356 1019 tyranni
1403 937 1709 1001 molitos=
1752 936 1975 1019 palam
2026 936 2268 1020 primo,
2310 955 2465 1001 cum
2506 936 2759 1001 clausis

559 1036 1086 1103 -Andra‘nodorus
1134 1037 1386 1101 Insulae
1436 1037 1649 1121 portis
1698 1037 2147 1102 haereditatem
2197 1038 2379 1119 regni
2424 1037 2759 1115 creverit,q

569 1158 858 1224 quaeque
913 1146 1308 1221 procurator
1371 1146 1705 1219 tenuerat,
1769 1159 1894 1223 pro
1963 1138 2241 1204 domino
2306 1138 2757 1222 possederit3‘

564 1241 866 1325 proditus
905 1240 1148 1305 deinde
1190 1240 1278 1305 ab
1317 1241 1441 1319 eis,
1483 1242 1603 1324 qui
1642 1240 1712 1306 in
1757 1240 1986 1307 Insula
2021 1248 2231 1313 erant,
2274 1242 2758 1306 circumsessus

563 1344 652 1407 ab
696 1343 1008 1407 universa
1061 1342 1357 1419 civitate,
1414 1360 1570 1426 qnae
1612 1341 2073 1408 Achradinam
2130 1344 2432 1420 tenuerit,
2484 1341 2759 1425 nequic-

567 1462 766 1527 quam
813 1445 1042 1526 palam
1081 1451 1287 1527 atque
1345 1450 1570 1529 aperte
1627 1446 1913 1529 petitum
1958 1463 2231 1526 regnum
2278 1444 2453 1509 clam
2490 1451 2558 1510 et
2600 1444 2756 1509 dolo

565 1544 877 1611 affectare
915 1552 1195 1612 conatus
1241 1547 1350 1625 sit,
1389 1554 1456 1612 et
1483 1568 1568 1612 ne
1596 1547 1927 1613 beneficio
1962 1547 2238 1632 quidem
2269 1556 2479 1629 atque
2502 1546 2755 1611 bonore

563 1645 854 1731 potuerit
880 1647 1084 1726 vinci,
1111 1667 1264 1712 cum
1308 1649 1473 1714 inter
1511 1649 1909 1714 liberatores
1942 1648 2181 1731 patrioe
2222 1648 2577 1712 insidiator
2614 1646 2759 1731 ipse

563 1746 898 1812 libertatis
919 1756 1190 1813 'creatus
1211 1754 1391 1812 esset
1419 1754 1691 1831 praetor.
1766 1748 2195 1813 Sed.animos
2223 1748 2327 1812 eis
2352 1748 2574 1831 regios
2602 1766 2761 1813 con·

555 1844 758 1931 juges*
803 1850 1025 1930 regies
1075 1848 1345 1927 fecisse,
1392 1849 1587 1915 alteri
1636 1850 1982 1924 Hieronis,
2018 1848 2205 1913 alteri
2247 1848 2543 1927 Gelonis,
2584 1848 2759 1914 filias

561 1946 855 2029 nuptas?
943 1948 1083 2012 Sub
1115 1950 1288 2012 hanc
1323 1956 1589 2013 vocem‘
1617 1968 1707 2012 ex
1736 1948 2049 2013 omuibus
2080 1949 2385 2031 partibus
2416 1950 2760 2013 concionis

565 2036 1076 2126 clamor'oritur,
1105 2048 1356 2113 nullam
1394 2067 1621 2113 earum
1655 2048 1885 2114 vivere
1924 2048 2189 2125 debere,
2221 2068 2348 2113 nec
2376 2068 2759 2133 quenquam

563 2165 912 2231 superesse
960 2157 1388 2233 tyrannorum
1435 2150 1686 2233 stirpis.
1792 2150 1973 2213 Haec
2024 2158 2265 2214 natura
2310 2151 2760 2217 multitudinis

565 2257 713 2329 est3
757 2254 877 2314 aut
923 2252 1130 2315 servit
1156 2250 1532 2327 humiliter‚=
1562 2260 1681 2316 aut
1710 2252 1999 2332 superbe
2030 2252 2443 2317 dominatur:
2488 2252 2757 2317 liberta-

563 2355 726 2427 tem,
757 2367 911 2431 quae
955 2350 1182 2415 medie
1221 2358 1370 2429 est:
1418 2371 1546 2417 nec
1592 2360 1969 2436 spernere¹¹
1994 2340 2305 2430 'modice,
2339 2372 2464 2417 nec
2509 2352 2757 2419 habere

626 2534 648 2560 ⁸
693 2528 764 2577 Et
802 2528 984 2590 regiam
1012 2531 1290 2592 potentiam,
1311 2546 1450 2595 quam
1479 2534 1617 2596 prius
1646 2539 1869 2599 tanquam
1906 2540 2038 2585 tutor
2073 2540 2121 2585 et
2154 2541 2437 2599 procurator
2464 2544 2759 2605 exercuerat,

555 2594 1250 2708 ”semestrem
1268 2598 1500 2648 m...

1475 2756 1837 2778 oum

562 2862 735 2924 potnit
756 2862 936 2941 utique
957 2878 1022 2914 ex
1047 2866 1304 2929 superiori
1337 2870 1629 2933 irrepsisse,
1667 2872 1765 2921 nisi
1788 2870 1959 2920 forsan
1982 2872 2241 2923 exciderit
2273 2878 2359 2923 aut
2394 2878 2515 2924 ante
2544 2887 2758 2936 puerunt,

556 2927 694 3038 Ἑιοά
735 2936 894 2976 etiam
939 2930 1399 2983 Drakenborchius
1435 2935 1672 2984 monuit.'
1718 2936 2037 2985 Stroth—10
2087 2939 2411 2996 Magistratus
2457 2937 2591 2987 Edd.
2631 2944 2753 2987 unte

586 3054 596 3064 ι
617 3004 793 3039 ronov.
811 2999 865 3039 et
887 2992 1014 3041 Mss.
1039 3000 1359 3046 ornnem—11
1396 2998 1412 3026 ⁸
1437 2998 1697 3061 Quicquid
1723 3000 1952 3048 Gronov.
1980 3010 2170 3061 praeter
2194 3016 2386 3051 rnorem
2412 3002 2477 3050 de
2497 3003 2760 3065 spernenda

559 3054 778 3104 &beaute
800 3063 1094 3122 argutetur,
1117 3073 1215 3121 ego
1242 3067 1414 3111 tumen
1451 3064 1833 3128 (conjecturam
1870 3064 1967 3111 viri
1992 3064 2150 3120 docti,
2170 3079 2322 3129 quem
2346 3064 2623 3131 refutavit)
2652 3080 2756 3130 spe-

1549 3206 1759 3257 No'rAE

620 3304 647 3338 Ρ
682 3296 880 3348 Tutores
898 3314 954 3348 ae
980 3300 1237 3362 maetam:
1266 3302 1625 3368 [magistratus]
1759 3310 1784 3347 ¹¹
1819 3303 2169 3353 Hoereditatem
2204 3303 2343 3365 regni
2376 3304 2601 3369 creverit]
2638 3306 2756 3355 Cer·

553 3370 678 3434 qius]
693 3372 858 3423 Gron.
875 3376 1187 3437 magistratus
1200 3386 1366 3429 mutat
1382 3380 1430 3428 in
1449 3381 1624 3442 magis·
1693 3395 1804 3429 nere
1824 3380 2149 3431 hereditatem
2165 3383 2245 3428 est
2258 3378 2561 3443 decernere,
2578 3388 2633 3429 et
2650 3396 2760 3431 ma·

554 3451 669 3495 tros.-
684 3448 854 3498 fateor
868 3450 1073 3514 quidem
1091 3454 1522 3517 reprehensurum
1537 3468 1624 3503 ne-
1692 3464 1814 3508 tura
1851 3458 2227 3506 deliberatione
2248 3456 2425 3507 habita
2450 3460 2617 3521 palum
2653 3468 2759 3509 tes-

555 3522 765 3585 minem,
789 3526 832 3573 si
874 3528 1130 3587 mag-istros
1169 3528 1387 3591 dixisset
1410 3529 1621 3592 Livius;
1694 3534 1795 3581 turi
1818 3548 1871 3581 se
1896 3532 2153 3581 haeredem
2179 3533 2390 3596 alicujus
2413 3547 2524 3583 esse
2549 3534 2700 3583 velle.

553 3596 711 3647 immo
747 3601 938 3650 rectius
975 3601 1114 3652 forte
1143 3604 1194 3651 id
1227 3603 1493 3655 futurum:
1529 3608 1622 3656 sed
1758 3617 1779 3643 ¹
1808 3610 1914 3659 Aut
1949 3610 2098 3659 servit
2138 3610 2404 3676 humiliter]
2438 3604 2629 3663 Similis
2650 3614 2754 3663 Tn-

551 3672 761 3735 quundo
784 3676 970 3738 scripti
1004 3676 1117 3726 libri
1147 3688 1452 3743 repugnent.
1475 3681 1622 3731 inda·
1692 3685 1785 3735 citi
1806 3687 1949 3735 locus
1971 3686 2062 3736 lib.
2086 3700 2125 3735 1·
2159 3686 2348 3738 Annei.
2383 3688 2400 3715 ⁴
2422 3688 2473 3736 in
2497 3689 2651 3753 vulgo
2674 3690 2747 3739 ni·

553 3746 755 3809 gaudus
769 3756 848 3797 est
861 3764 1011 3799 verus
1034 3755 1380 3815 sensus,salvn
1396 3770 1621 3805 commu·
1691 3760 1760 3811 bil
1786 3762 2041 3812 modicum
2062 3781 2074 3811 ε
2104 3772 2299 3815 terrere
2318 3764 2369 3813 ni
2386 3772 2607 3828 paveant
2626 3782 2642 3827 3
2664 3766 2753 3817 ubi

551 3822 610 3872 ni
632 3824 889 3885 lectione3
914 3836 1234 3891 possuntque
1251 3829 1462 3893 intelligi
1484 3838 1620 3882 tuto·
1689 3839 2072 3901 pertimuerint,
2094 3842 2303 3904 impune
2326 3842 2625 3892 contemni.⁸

553 3912 636 3947 res
649 3898 813 3959 illi,et
827 3901 1158 3963 magistratus
1177 3903 1396 3966 majores
1410 3907 1476 3954 ab
1498 3908 1622 3969 ipsis
1756 3921 1775 3946 ⁸
1804 3914 2117 3979 Libertatem,
2158 3932 2263 3980 quoe
2298 3919 2451 3967 media
2483 3918 2580 3982 est]
2612 3920 2754 3970 Vere

553 3974 841 4033 constituti,
861 3977 1065 4025 nemine
1086 3985 1140 4027 et
1156 3981 1466 4031 auctoritare
1491 3982 1619 4033 Hie·
1689 3988 1905 4038 libertas
1950 3991 2119 4040 medie
2164 3999 2247 4041 est
2291 3992 2307 4020 ⁸
2341 3994 2478 4045 inter
2517 3991 2753 4045 deforme

554 4051 770 4115 ronymi,
789 4052 960 4101 omnia
979 4067 1159 4102 revera
1177 4057 1348 4118 egisse
1371 4059 1508 4123 regis
1525 4074 1619 4110 no·
1688 4065 1986 4130 obsequium
2010 4073 2065 4115 et
2096 4076 2413 4131 preruptam
2448 4068 2753 4129 audaciam.'

552 4130 707 4192 mine,
732 4128 784 4177 in
805 4144 959 4194 quem
983 4130 1206 4180 omnium
1233 4146 1400 4183 rerum
1421 4137 1488 4185 ab
1516 4138 1618 4188 illis
1690 4149 1747 4192 ut
1776 4148 1920 4193 recte
1941 4141 2168 4193 Tacitus.

554 4204 689 4254 male
712 4213 972 4269 gestarum
999 4207 1194 4258 invidia
1215 4207 1487 4264 recideret.
