<?xml version="1.0" encoding="UTF-8"?>
<!DOCTYPE html PUBLIC "-//W3C//DTD XHTML 1.0 Transitional//EN"
    "http://www.w3.org/TR/xhtml1/DTD/xhtml1-transitional.dtd">
<html xmlns="http://www.w3.org/1999/xhtml" xml:lang="en" lang="en">
 <head>
  <title>
</title>
<meta http-equiv="Content-Type" content="text/html;charset=utf-8" />
  <meta name='ocr-system' content='tesseract 3.04.00' />
  <meta name='ocr-capabilities' content='ocr_page ocr_carea ocr_par ocr_line ocrx_word'/>
</head>
<body>
  <div class='ocr_page' id='page_1' title='image "./tliviipatavinih28unkngoog_0047.png"; bbox 0 0 3159 4934; ppageno 0'>
   <div class='ocr_carea' id='block_1_1' title="bbox 1117 397 2603 506">
    <p class='ocr_par' dir='ltr' id='par_1_1' title="bbox 1117 397 2603 506">
     <span class='ocr_line' id='line_1_1' title="bbox 1117 397 2603 506; baseline 0.002 -45"><span class='ocrx_word' id='word_1_1' title='bbox 1117 414 1262 462; x_wconf 76' lang='lat' dir='ltr'><strong>mn.</strong></span> <span class='ocrx_word' id='word_1_2' title='bbox 1309 413 1550 462; x_wconf 79' lang='lat' dir='ltr'><strong>xxm.</strong></span> <span class='ocrx_word' id='word_1_3' title='bbox 1597 405 1763 463; x_wconf 54' lang='lat' dir='ltr'><strong>cnr.</strong></span> <span class='ocrx_word' id='word_1_4' title='bbox 1809 399 1913 463; x_wconf 87' lang='grc'><strong>18.</strong></span> <span class='ocrx_word' id='word_1_5' title='bbox 2390 397 2603 506; x_wconf 29' lang='grc'>’1919</span> 
     </span>
    </p>
   </div>
   <div class='ocr_carea' id='block_1_2' title="bbox 407 557 2611 2060">
    <p class='ocr_par' dir='ltr' id='par_1_2' title="bbox 407 557 2607 1246">
     <span class='ocr_line' id='line_1_2' title="bbox 407 557 2605 643; baseline -0.001 -17"><span class='ocrx_word' id='word_1_6' title='bbox 407 563 510 626; x_wconf 84' lang='lat' dir='ltr'><strong>cis</strong></span> <span class='ocrx_word' id='word_1_7' title='bbox 541 559 940 626; x_wconf 79' lang='lat' dir='ltr'><strong>Vulturnum</strong></span> <span class='ocrx_word' id='word_1_8' title='bbox 979 561 1108 636; x_wconf 89' lang='lat' dir='ltr'><strong>est,</strong></span> <span class='ocrx_word' id='word_1_9' title='bbox 1142 557 1262 643; x_wconf 91' lang='lat' dir='ltr'><strong>(eo</strong></span> <span class='ocrx_word' id='word_1_10' title='bbox 1303 561 1483 623; x_wconf 88' lang='lat' dir='ltr'><strong>enim</strong></span> <span class='ocrx_word' id='word_1_11' title='bbox 1519 558 1844 624; x_wconf 81' lang='lat' dir='ltr'><strong>dividitur</strong></span> <span class='ocrx_word' id='word_1_12' title='bbox 1887 558 2123 642; x_wconf 89' lang='lat' dir='ltr'><strong>amni,)</strong></span> <span class='ocrx_word' id='word_1_13' title='bbox 2158 575 2605 643; x_wconf 75' lang='lat' dir='ltr'><strong>occupavere.</strong></span> 
     </span>
     <span class='ocr_line' id='line_1_3' title="bbox 413 659 2606 746; baseline 0.001 -20"><span class='ocrx_word' id='word_1_14' title='bbox 413 662 632 746; x_wconf 88' lang='lat' dir='ltr'><strong>quue</strong></span> <span class='ocrx_word' id='word_1_15' title='bbox 673 659 1099 745; x_wconf 83' lang='lat' dir='ltr'><strong>praesidium⁶</strong></span> <span class='ocrx_word' id='word_1_16' title='bbox 1139 659 1416 725; x_wconf 86' lang='lat' dir='ltr'><strong>Casilini</strong></span> <span class='ocrx_word' id='word_1_17' title='bbox 1447 661 1785 725; x_wconf 83' lang='lat' dir='ltr'><strong>habebant</strong></span> <span class='ocrx_word' id='word_1_18' title='bbox 1815 662 2125 726; x_wconf 86' lang='lat' dir='ltr'><strong>Romani.</strong></span> <span class='ocrx_word' id='word_1_19' title='bbox 2217 661 2505 728; x_wconf 78' lang='lat' dir='ltr'><strong>Additur</strong></span> <span class='ocrx_word' id='word_1_20' title='bbox 2532 673 2606 730; x_wconf 82' lang='lat' dir='ltr'><strong>et</strong></span> 
     </span>
     <span class='ocr_line' id='line_1_4' title="bbox 414 760 2603 844; baseline 0.001 -18"><span class='ocrx_word' id='word_1_21' title='bbox 414 763 738 826; x_wconf 88' lang='lat' dir='ltr'><strong>Perusina</strong></span> <span class='ocrx_word' id='word_1_22' title='bbox 782 762 1051 838; x_wconf 89' lang='lat' dir='ltr'><strong>cohors,</strong></span> <span class='ocrx_word' id='word_1_23' title='bbox 1101 760 1398 825; x_wconf 87' lang='lat' dir='ltr'><strong>homines</strong></span> <span class='ocrx_word' id='word_1_24' title='bbox 1451 761 1909 844; x_wconf 72' lang='lat' dir='ltr'><strong>quadringenti</strong></span> <span class='ocrx_word' id='word_1_25' title='bbox 1956 763 2327 844; x_wconf 78' lang='lat' dir='ltr'><strong>sexaginta,</strong></span> <span class='ocrx_word' id='word_1_26' title='bbox 2368 763 2603 830; x_wconf 84' lang='lat' dir='ltr'><strong>eodem</strong></span> 
     </span>
     <span class='ocr_line' id='line_1_5' title="bbox 413 861 2605 945; baseline 0 -17"><span class='ocrx_word' id='word_1_27' title='bbox 413 864 668 941; x_wconf 80' lang='lat' dir='ltr'><strong>nuntie,</strong></span> <span class='ocrx_word' id='word_1_28' title='bbox 699 882 833 944; x_wconf 90' lang='lat' dir='ltr'><strong>quo</strong></span> <span class='ocrx_word' id='word_1_29' title='bbox 880 861 1278 927; x_wconf 77' lang='lat' dir='ltr'><strong>Praenestini</strong></span> <span class='ocrx_word' id='word_1_30' title='bbox 1322 881 1580 945; x_wconf 86' lang='lat' dir='ltr'><strong>paucos</strong></span> <span class='ocrx_word' id='word_1_31' title='bbox 1628 870 1785 927; x_wconf 88' lang='lat' dir='ltr'><strong>ante</strong></span> <span class='ocrx_word' id='word_1_32' title='bbox 1824 863 1991 940; x_wconf 71' lang='lat' dir='ltr'><strong>dica,</strong></span> <span class='ocrx_word' id='word_1_33' title='bbox 2021 862 2391 928; x_wconf 86' lang='lat' dir='ltr'><strong>Casilinum</strong></span> <span class='ocrx_word' id='word_1_34' title='bbox 2420 882 2605 929; x_wconf 86' lang='lat' dir='ltr'><strong>com-</strong></span> 
     </span>
     <span class='ocr_line' id='line_1_6' title="bbox 413 963 2605 1049; baseline 0 -20"><span class='ocrx_word' id='word_1_35' title='bbox 413 965 612 1049; x_wconf 86' lang='lat' dir='ltr'><strong>pulsi.</strong></span> <span class='ocrx_word' id='word_1_36' title='bbox 704 963 788 1028; x_wconf 87' lang='lat' dir='ltr'><strong>Et</strong></span> <span class='ocrx_word' id='word_1_37' title='bbox 830 964 1002 1028; x_wconf 87' lang='lat' dir='ltr'><strong>satis</strong></span> <span class='ocrx_word' id='word_1_38' title='bbox 1040 964 1244 1028; x_wconf 84' lang='lat' dir='ltr'><strong>ferme</strong></span> <span class='ocrx_word' id='word_1_39' title='bbox 1287 974 1690 1028; x_wconf 85' lang='lat' dir='ltr'><strong>armatorum</strong></span> <span class='ocrx_word' id='word_1_40' title='bbox 1730 963 1818 1028; x_wconf 85' lang='lat' dir='ltr'><strong>ad</strong></span> <span class='ocrx_word' id='word_1_41' title='bbox 1864 971 2001 1028; x_wconf 88' lang='lat' dir='ltr'><strong>tam</strong></span> <span class='ocrx_word' id='word_1_42' title='bbox 2042 964 2285 1046; x_wconf 78' lang='lat' dir='ltr'><strong>exigua</strong></span> <span class='ocrx_word' id='word_1_43' title='bbox 2330 965 2605 1040; x_wconf 83' lang='lat' dir='ltr'><strong>moenia,</strong></span> 
     </span>
     <span class='ocr_line' id='line_1_7' title="bbox 409 1065 2607 1149; baseline -0.001 -18"><span class='ocrx_word' id='word_1_44' title='bbox 409 1073 478 1131; x_wconf 90' lang='lat' dir='ltr'><strong>et</strong></span> <span class='ocrx_word' id='word_1_45' title='bbox 519 1066 788 1130; x_wconf 87' lang='lat' dir='ltr'><strong>flumine</strong></span> <span class='ocrx_word' id='word_1_46' title='bbox 827 1067 1038 1131; x_wconf 84' lang='lat' dir='ltr'><strong>altera</strong></span> <span class='ocrx_word' id='word_1_47' title='bbox 1077 1071 1266 1149; x_wconf 75' lang='lat' dir='ltr'><strong>parte</strong></span> <span class='ocrx_word' id='word_1_48' title='bbox 1309 1068 1552 1145; x_wconf 89' lang='lat' dir='ltr'><strong>cincta,</strong></span> <span class='ocrx_word' id='word_1_49' title='bbox 1599 1065 1845 1130; x_wconf 88' lang='lat' dir='ltr'><strong>tuenda</strong></span> <span class='ocrx_word' id='word_1_50' title='bbox 1888 1073 2051 1130; x_wconf 85' lang='lat' dir='ltr'><strong>erat.</strong></span> <span class='ocrx_word' id='word_1_51' title='bbox 2143 1065 2433 1130; x_wconf 85' lang='lat' dir='ltr'><strong>Penuria</strong></span> <span class='ocrx_word' id='word_1_52' title='bbox 2472 1065 2607 1129; x_wconf 82' lang='lat' dir='ltr'><strong>fru-</strong></span> 
     </span>
     <span class='ocr_line' id='line_1_8' title="bbox 409 1167 2405 1246; baseline 0 -16"><span class='ocrx_word' id='word_1_53' title='bbox 409 1167 636 1244; x_wconf 87' lang='lat' dir='ltr'><strong>menti,</strong></span> <span class='ocrx_word' id='word_1_54' title='bbox 665 1169 938 1232; x_wconf 89' lang='lat' dir='ltr'><strong>nimium</strong></span> <span class='ocrx_word' id='word_1_55' title='bbox 964 1170 1172 1233; x_wconf 85' lang='lat' dir='ltr'><strong>etiam</strong></span> <span class='ocrx_word' id='word_1_56' title='bbox 1203 1179 1278 1233; x_wconf 86' lang='lat' dir='ltr'><strong>ut</strong></span> <span class='ocrx_word' id='word_1_57' title='bbox 1305 1167 1629 1233; x_wconf 80' lang='lat' dir='ltr'><strong>videretur</strong></span> <span class='ocrx_word' id='word_1_58' title='bbox 1660 1167 2025 1246; x_wconf 82' lang='lat' dir='ltr'><strong>hominum,</strong></span> <span class='ocrx_word' id='word_1_59' title='bbox 2054 1167 2405 1233; x_wconf 85' lang='lat' dir='ltr'><strong>efficiebat.</strong></span> 
     </span>
    </p>

    <p class='ocr_par' dir='ltr' id='par_1_3' title="bbox 411 1267 2611 2060">
     <span class='ocr_line' id='line_1_9' title="bbox 413 1267 2607 1353; baseline 0.001 -21"><span class='ocrx_word' id='word_1_60' title='bbox 413 1303 422 1312; x_wconf 91' lang='lat'><strong>·</strong></span> <span class='ocrx_word' id='word_1_61' title='bbox 499 1267 608 1332; x_wconf 87' lang='grc'><strong>18.</strong></span> <span class='ocrx_word' id='word_1_62' title='bbox 659 1268 1003 1334; x_wconf 79' lang='lat' dir='ltr'><strong>Hannibal</strong></span> <span class='ocrx_word' id='word_1_63' title='bbox 1049 1288 1204 1334; x_wconf 86' lang='lat' dir='ltr'><strong>cum</strong></span> <span class='ocrx_word' id='word_1_64' title='bbox 1236 1269 1380 1353; x_wconf 88' lang='lat' dir='ltr'><strong>jam</strong></span> <span class='ocrx_word' id='word_1_65' title='bbox 1425 1269 1581 1334; x_wconf 83' lang='lat' dir='ltr'><strong>inde</strong></span> <span class='ocrx_word' id='word_1_66' title='bbox 1626 1269 1809 1334; x_wconf 86' lang='lat' dir='ltr'><strong>baud</strong></span> <span class='ocrx_word' id='word_1_67' title='bbox 1848 1270 2085 1353; x_wconf 88' lang='lat' dir='ltr'><strong>procul</strong></span> <span class='ocrx_word' id='word_1_68' title='bbox 2122 1277 2324 1346; x_wconf 87' lang='lat' dir='ltr'><strong>esset,</strong></span> <span class='ocrx_word' id='word_1_69' title='bbox 2364 1269 2607 1334; x_wconf 63' lang='lat' dir='ltr'><strong>Gaetu-</strong></span> 
     </span>
     <span class='ocr_line' id='line_1_10' title="bbox 411 1369 2609 1454; baseline 0.001 -22"><span class='ocrx_word' id='word_1_70' title='bbox 411 1369 560 1433; x_wconf 73' lang='lat' dir='ltr'><strong>los*¹</strong></span> <span class='ocrx_word' id='word_1_71' title='bbox 605 1389 762 1435; x_wconf 89' lang='lat' dir='ltr'><strong>cum</strong></span> <span class='ocrx_word' id='word_1_72' title='bbox 791 1371 1134 1454; x_wconf 73' lang='lat' dir='ltr'><strong>praefecto,</strong></span> <span class='ocrx_word' id='word_1_73' title='bbox 1165 1372 1432 1436; x_wconf 86' lang='lat' dir='ltr'><strong>nomine</strong></span> <span class='ocrx_word' id='word_1_74' title='bbox 1461 1372 1711 1449; x_wconf 85' lang='lat' dir='ltr'><strong>Isalca,</strong></span> <span class='ocrx_word' id='word_1_75' title='bbox 1744 1371 2117 1454; x_wconf 79' lang='lat' dir='ltr'><strong>praemittit:</strong></span> <span class='ocrx_word' id='word_1_76' title='bbox 2168 1389 2249 1434; x_wconf 91' lang='lat' dir='ltr'><strong>ac</strong></span> <span class='ocrx_word' id='word_1_77' title='bbox 2281 1371 2515 1453; x_wconf 87' lang='lat' dir='ltr'><strong>primo,</strong></span> <span class='ocrx_word' id='word_1_78' title='bbox 2546 1371 2609 1436; x_wconf 90' lang='lat' dir='ltr'><strong>si</strong></span> 
     </span>
     <span class='ocr_line' id='line_1_11' title="bbox 413 1469 2609 1555; baseline 0 -22"><span class='ocrx_word' id='word_1_79' title='bbox 413 1469 530 1534; x_wconf 83' lang='lat' dir='ltr'><strong>fiat</strong></span> <span class='ocrx_word' id='word_1_80' title='bbox 572 1472 890 1554; x_wconf 86' lang='lat' dir='ltr'><strong>colloquii</strong></span> <span class='ocrx_word' id='word_1_81' title='bbox 937 1474 1162 1555; x_wconf 87' lang='lat' dir='ltr'><strong>copia,</strong></span> <span class='ocrx_word' id='word_1_82' title='bbox 1206 1473 1426 1536; x_wconf 80' lang='lat' dir='ltr'><strong>verbis</strong></span> <span class='ocrx_word' id='word_1_83' title='bbox 1469 1472 1771 1553; x_wconf 84' lang='lat' dir='ltr'><strong>benignis</strong></span> <span class='ocrx_word' id='word_1_84' title='bbox 1814 1473 1899 1538; x_wconf 91' lang='lat' dir='ltr'><strong>ad</strong></span> <span class='ocrx_word' id='word_1_85' title='bbox 1946 1477 2175 1554; x_wconf 87' lang='lat' dir='ltr'><strong>portas</strong></span> <span class='ocrx_word' id='word_1_86' title='bbox 2216 1471 2609 1555; x_wconf 85' lang='lat' dir='ltr'><strong>aperiendas</strong></span> 
     </span>
     <span class='ocr_line' id='line_1_12' title="bbox 415 1572 2609 1657; baseline 0.002 -24"><span class='ocrx_word' id='word_1_87' title='bbox 415 1572 936 1654; x_wconf 73' lang='lat' dir='ltr'><strong>praesidiumque</strong></span> <span class='ocrx_word' id='word_1_88' title='bbox 981 1573 1444 1656; x_wconf 84' lang='lat' dir='ltr'><strong>accipiendum</strong></span> <span class='ocrx_word' id='word_1_89' title='bbox 1491 1573 1813 1657; x_wconf 85' lang='lat' dir='ltr'><strong>perlicere</strong></span> <span class='ocrx_word' id='word_1_90' title='bbox 1844 1573 2075 1654; x_wconf 82' lang='lat' dir='ltr'><strong>jubet:</strong></span> <span class='ocrx_word' id='word_1_91' title='bbox 2128 1573 2287 1637; x_wconf 81' lang='lat' dir='ltr'><strong>siin</strong></span> <span class='ocrx_word' id='word_1_92' title='bbox 2318 1574 2609 1654; x_wconf 79' lang='lat' dir='ltr'><strong>pertina-</strong></span> 
     </span>
     <span class='ocr_line' id='line_1_13' title="bbox 417 1671 2609 1757; baseline 0.002 -24"><span class='ocrx_word' id='word_1_93' title='bbox 417 1671 530 1735; x_wconf 88' lang='lat' dir='ltr'><strong>cia</strong></span> <span class='ocrx_word' id='word_1_94' title='bbox 575 1679 890 1752; x_wconf 79' lang='lat' dir='ltr'><strong>perstent,</strong></span> <span class='ocrx_word' id='word_1_95' title='bbox 923 1693 1061 1738; x_wconf 88' lang='lat' dir='ltr'><strong>rem</strong></span> <span class='ocrx_word' id='word_1_96' title='bbox 1099 1693 1320 1756; x_wconf 81' lang='lat' dir='ltr'><strong>gerere</strong></span> <span class='ocrx_word' id='word_1_97' title='bbox 1367 1695 1450 1739; x_wconf 87' lang='lat' dir='ltr'><strong>ac</strong></span> <span class='ocrx_word' id='word_1_98' title='bbox 1491 1684 1773 1749; x_wconf 82' lang='lat' dir='ltr'><strong>tentare,</strong></span> <span class='ocrx_word' id='word_1_99' title='bbox 1806 1675 1863 1737; x_wconf 89' lang='lat' dir='ltr'><strong>si</strong></span> <span class='ocrx_word' id='word_1_100' title='bbox 1901 1692 2040 1757; x_wconf 89' lang='lat' dir='ltr'><strong>qua</strong></span> <span class='ocrx_word' id='word_1_101' title='bbox 2068 1680 2257 1756; x_wconf 84' lang='lat' dir='ltr'><strong>parte</strong></span> <span class='ocrx_word' id='word_1_102' title='bbox 2290 1673 2609 1738; x_wconf 83' lang='lat' dir='ltr'><strong>invadere</strong></span> 
     </span>
     <span class='ocr_line' id='line_1_14' title="bbox 417 1761 2609 1856; baseline 0.002 -22"><span class='ocrx_word' id='word_1_103' title='bbox 417 1773 648 1836; x_wconf 84' lang='lat' dir='ltr'><strong>urbem</strong></span> <span class='ocrx_word' id='word_1_104' title='bbox 697 1777 934 1856; x_wconf 86' lang='lat' dir='ltr'><strong>possit.</strong></span> <span class='ocrx_word' id='word_1_105' title='bbox 1027 1775 1165 1840; x_wconf 87' lang='lat' dir='ltr'><strong>Ubi</strong></span> <span class='ocrx_word' id='word_1_106' title='bbox 1207 1776 1292 1838; x_wconf 88' lang='lat' dir='ltr'><strong>ad</strong></span> <span class='ocrx_word' id='word_1_107' title='bbox 1349 1776 1602 1840; x_wconf 87' lang='lat' dir='ltr'><strong>moenia</strong></span> <span class='ocrx_word' id='word_1_108' title='bbox 1646 1791 2013 1850; x_wconf 84' lang='lat' dir='ltr'><strong>accessere,</strong></span> <span class='ocrx_word' id='word_1_109' title='bbox 2061 1775 2226 1856; x_wconf 88' lang='lat' dir='ltr'><strong>quia</strong></span> <span class='ocrx_word' id='word_1_110' title='bbox 2276 1761 2609 1838; x_wconf 88' lang='lat' dir='ltr'><strong>silentium</strong></span> 
     </span>
     <span class='ocr_line' id='line_1_15' title="bbox 415 1875 2611 1958; baseline 0.001 -22"><span class='ocrx_word' id='word_1_111' title='bbox 415 1882 584 1951; x_wconf 82' lang='lat' dir='ltr'><strong>erat,</strong></span> <span class='ocrx_word' id='word_1_112' title='bbox 614 1875 910 1940; x_wconf 84' lang='lat' dir='ltr'><strong>solitudo</strong></span> <span class='ocrx_word' id='word_1_113' title='bbox 953 1877 1120 1954; x_wconf 79' lang='lat' dir='ltr'><strong>visa,</strong></span> <span class='ocrx_word' id='word_1_114' title='bbox 1153 1883 1464 1958; x_wconf 86' lang='lat' dir='ltr'><strong>metuque</strong></span> <span class='ocrx_word' id='word_1_115' title='bbox 1507 1876 1997 1940; x_wconf 76' lang='lat' dir='ltr'><strong>concessum‘·</strong></span> <span class='ocrx_word' id='word_1_116' title='bbox 2043 1876 2363 1939; x_wconf 88' lang='lat' dir='ltr'><strong>barbarus</strong></span> <span class='ocrx_word' id='word_1_117' title='bbox 2406 1881 2611 1951; x_wconf 91' lang='lat' dir='ltr'><strong>ratus,</strong></span> 
     </span>
     <span class='ocr_line' id='line_1_16' title="bbox 417 1975 2611 2060; baseline 0.001 -23"><span class='ocrx_word' id='word_1_118' title='bbox 417 1975 632 2038; x_wconf 87' lang='lat' dir='ltr'><strong>moliri</strong></span> <span class='ocrx_word' id='word_1_119' title='bbox 665 1983 896 2058; x_wconf 85' lang='lat' dir='ltr'><strong>portas</strong></span> <span class='ocrx_word' id='word_1_120' title='bbox 921 1985 992 2042; x_wconf 91' lang='lat' dir='ltr'><strong>et</strong></span> <span class='ocrx_word' id='word_1_121' title='bbox 1019 1978 1316 2042; x_wconf 84' lang='lat' dir='ltr'><strong>claustra</strong></span> <span class='ocrx_word' id='word_1_122' title='bbox 1343 1977 1727 2060; x_wconf 76' lang='lat' dir='ltr'><strong>rest-ingere⁷</strong></span> <span class='ocrx_word' id='word_1_123' title='bbox 1758 1985 1991 2060; x_wconf 86' lang='lat' dir='ltr'><strong>parat;</strong></span> <span class='ocrx_word' id='word_1_124' title='bbox 2036 1995 2217 2053; x_wconf 89' lang='lat' dir='ltr'><strong>cum,</strong></span> <span class='ocrx_word' id='word_1_125' title='bbox 2250 1976 2611 2060; x_wconf 80' lang='lat' dir='ltr'><strong>patefactis</strong></span> 
     </span>
    </p>
   </div>
   <div class='ocr_carea' id='block_1_3' title="bbox 315 2079 2610 2160">
    <p class='ocr_par' dir='ltr' id='par_1_4' title="bbox 315 2079 2610 2160">
     <span class='ocr_line' id='line_1_17' title="bbox 315 2079 2610 2160; baseline 0.001 -22"><span class='ocrx_word' id='word_1_126' title='bbox 315 2137 322 2146; x_wconf 84' lang='grc'><strong>,</strong></span> <span class='ocrx_word' id='word_1_127' title='bbox 414 2085 690 2156; x_wconf 86' lang='lat' dir='ltr'><strong>repente</strong></span> <span class='ocrx_word' id='word_1_128' title='bbox 719 2081 950 2160; x_wconf 86' lang='lat' dir='ltr'><strong>portis,</strong></span> <span class='ocrx_word' id='word_1_129' title='bbox 981 2080 1298 2144; x_wconf 87' lang='lat' dir='ltr'><strong>cobortes</strong></span> <span class='ocrx_word' id='word_1_130' title='bbox 1329 2079 1504 2154; x_wconf 84' lang='lat' dir='ltr'><strong>duae,</strong></span> <span class='ocrx_word' id='word_1_131' title='bbox 1529 2081 1617 2142; x_wconf 86' lang='lat' dir='ltr'><strong>ad</strong></span> <span class='ocrx_word' id='word_1_132' title='bbox 1648 2079 1759 2142; x_wconf 80' lang='lat' dir='ltr'><strong>id⁸</strong></span> <span class='ocrx_word' id='word_1_133' title='bbox 1788 2080 2010 2160; x_wconf 84' lang='lat' dir='ltr'><strong>ipsum</strong></span> <span class='ocrx_word' id='word_1_134' title='bbox 2038 2079 2381 2142; x_wconf 79' lang='lat' dir='ltr'><strong>instructae</strong></span> <span class='ocrx_word' id='word_1_135' title='bbox 2411 2079 2610 2151; x_wconf 87' lang='lat' dir='ltr'><strong>intus,</strong></span> 
     </span>
    </p>
   </div>
   <div class='ocr_carea' id='block_1_4' title="bbox 413 2173 2615 2871">
    <p class='ocr_par' dir='ltr' id='par_1_5' title="bbox 413 2173 2615 2871">
     <span class='ocr_line' id='line_1_18' title="bbox 418 2173 2609 2261; baseline 0.001 -23"><span class='ocrx_word' id='word_1_136' title='bbox 418 2173 666 2258; x_wconf 85' lang='lat' dir='ltr'><strong>ingenti</strong></span> <span class='ocrx_word' id='word_1_137' title='bbox 705 2197 856 2243; x_wconf 87' lang='lat' dir='ltr'><strong>cum</strong></span> <span class='ocrx_word' id='word_1_138' title='bbox 897 2181 1184 2244; x_wconf 87' lang='lat' dir='ltr'><strong>tumultu</strong></span> <span class='ocrx_word' id='word_1_139' title='bbox 1231 2187 1605 2260; x_wconf 85' lang='lat' dir='ltr'><strong>erumpunt,</strong></span> <span class='ocrx_word' id='word_1_140' title='bbox 1652 2185 2069 2261; x_wconf 80' lang='lat' dir='ltr'><strong>stragemque</strong></span> <span class='ocrx_word' id='word_1_141' title='bbox 2116 2178 2407 2243; x_wconf 80' lang='lat' dir='ltr'><strong>hostium</strong></span> <span class='ocrx_word' id='word_1_142' title='bbox 2446 2179 2609 2244; x_wconf 79' lang='lat' dir='ltr'><strong>faci·</strong></span> 
     </span>
     <span class='ocr_line' id='line_1_19' title="bbox 420 2278 2613 2363; baseline 0.001 -23"><span class='ocrx_word' id='word_1_143' title='bbox 420 2285 564 2340; x_wconf 88' lang='lat' dir='ltr'><strong>unt.</strong></span> <span class='ocrx_word' id='word_1_144' title='bbox 657 2279 762 2344; x_wconf 85' lang='lat' dir='ltr'><strong>Ita</strong></span> <span class='ocrx_word' id='word_1_145' title='bbox 807 2281 1041 2363; x_wconf 89' lang='lat' dir='ltr'><strong>primis</strong></span> <span class='ocrx_word' id='word_1_146' title='bbox 1089 2279 1405 2363; x_wconf 86' lang='lat' dir='ltr'><strong>repulsis,</strong></span> <span class='ocrx_word' id='word_1_147' title='bbox 1453 2279 1833 2355; x_wconf 85' lang='lat' dir='ltr'><strong>Maharbal,</strong></span> <span class='ocrx_word' id='word_1_148' title='bbox 1876 2298 2029 2342; x_wconf 88' lang='lat' dir='ltr'><strong>cum</strong></span> <span class='ocrx_word' id='word_1_149' title='bbox 2084 2278 2332 2362; x_wconf 85' lang='lat' dir='ltr'><strong>majore</strong></span> <span class='ocrx_word' id='word_1_150' title='bbox 2378 2280 2613 2344; x_wconf 85' lang='lat' dir='ltr'><strong>robore</strong></span> 
     </span>
     <span class='ocr_line' id='line_1_20' title="bbox 419 2377 2608 2464; baseline 0.001 -22"><span class='ocrx_word' id='word_1_151' title='bbox 419 2377 703 2444; x_wconf 83' lang='lat' dir='ltr'><strong>virorum</strong></span> <span class='ocrx_word' id='word_1_152' title='bbox 749 2383 1023 2458; x_wconf 81' lang='lat' dir='ltr'><strong>missuS,</strong></span> <span class='ocrx_word' id='word_1_153' title='bbox 1055 2403 1172 2446; x_wconf 89' lang='lat' dir='ltr'><strong>nec</strong></span> <span class='ocrx_word' id='word_1_154' title='bbox 1220 2383 1370 2464; x_wconf 89' lang='lat' dir='ltr'><strong>ipse</strong></span> <span class='ocrx_word' id='word_1_155' title='bbox 1411 2382 1819 2464; x_wconf 88' lang='lat' dir='ltr'><strong>eruptionem</strong></span> <span class='ocrx_word' id='word_1_156' title='bbox 1852 2381 2228 2444; x_wconf 88' lang='lat' dir='ltr'><strong>cohortium</strong></span> <span class='ocrx_word' id='word_1_157' title='bbox 2260 2381 2608 2445; x_wconf 88' lang='lat' dir='ltr'><strong>sustinuit.</strong></span> 
     </span>
     <span class='ocr_line' id='line_1_21' title="bbox 422 2477 2613 2566; baseline 0.001 -25"><span class='ocrx_word' id='word_1_158' title='bbox 422 2477 776 2546; x_wconf 88' lang='lat' dir='ltr'><strong>Postremo</strong></span> <span class='ocrx_word' id='word_1_159' title='bbox 799 2483 1166 2560; x_wconf 86' lang='lat' dir='ltr'><strong>Hannibal,</strong></span> <span class='ocrx_word' id='word_1_160' title='bbox 1192 2486 1435 2549; x_wconf 87' lang='lat' dir='ltr'><strong>castris</strong></span> <span class='ocrx_word' id='word_1_161' title='bbox 1458 2490 1609 2546; x_wconf 86' lang='lat' dir='ltr'><strong>ante</strong></span> <span class='ocrx_word' id='word_1_162' title='bbox 1632 2483 1783 2566; x_wconf 85' lang='lat' dir='ltr'><strong>ipsa</strong></span> <span class='ocrx_word' id='word_1_163' title='bbox 1814 2482 2061 2546; x_wconf 85' lang='lat' dir='ltr'><strong>moenia</strong></span> <span class='ocrx_word' id='word_1_164' title='bbox 2083 2483 2438 2566; x_wconf 85' lang='lat' dir='ltr'><strong>oppositis,</strong></span> <span class='ocrx_word' id='word_1_165' title='bbox 2456 2501 2613 2565; x_wconf 84' lang='lat' dir='ltr'><strong>par·</strong></span> 
     </span>
     <span class='ocr_line' id='line_1_22' title="bbox 419 2585 2615 2669; baseline 0.002 -27"><span class='ocrx_word' id='word_1_166' title='bbox 419 2600 574 2646; x_wconf 75' lang='lat' dir='ltr'><strong>vam</strong></span> <span class='ocrx_word' id='word_1_167' title='bbox 619 2585 846 2648; x_wconf 87' lang='lat' dir='ltr'><strong>urbem</strong></span> <span class='ocrx_word' id='word_1_168' title='bbox 893 2605 1302 2669; x_wconf 87' lang='lat' dir='ltr'><strong>parvumque</strong></span> <span class='ocrx_word' id='word_1_169' title='bbox 1349 2586 1736 2669; x_wconf 80' lang='lat' dir='ltr'><strong>praesidium</strong></span> <span class='ocrx_word' id='word_1_170' title='bbox 1782 2603 2045 2647; x_wconf 87' lang='lat' dir='ltr'><strong>summa</strong></span> <span class='ocrx_word' id='word_1_171' title='bbox 2076 2585 2139 2646; x_wconf 83' lang='lat' dir='ltr'><strong>vi</strong></span> <span class='ocrx_word' id='word_1_172' title='bbox 2172 2590 2375 2665; x_wconf 88' lang='lat' dir='ltr'><strong>atque</strong></span> <span class='ocrx_word' id='word_1_173' title='bbox 2407 2585 2615 2647; x_wconf 87' lang='lat' dir='ltr'><strong>omni·</strong></span> 
     </span>
     <span class='ocr_line' id='line_1_23' title="bbox 413 2679 2611 2770; baseline 0.002 -26"><span class='ocrx_word' id='word_1_174' title='bbox 413 2679 550 2745; x_wconf 82' lang='lat' dir='ltr'><strong>bus</strong></span> <span class='ocrx_word' id='word_1_175' title='bbox 590 2686 806 2768; x_wconf 88' lang='lat' dir='ltr'><strong>copiis</strong></span> <span class='ocrx_word' id='word_1_176' title='bbox 849 2707 1235 2770; x_wconf 84' lang='lat' dir='ltr'><strong>oppugnare</strong></span> <span class='ocrx_word' id='word_1_177' title='bbox 1283 2695 1514 2769; x_wconf 86' lang='lat' dir='ltr'><strong>parat;</strong></span> <span class='ocrx_word' id='word_1_178' title='bbox 1575 2705 1681 2763; x_wconf 86' lang='lat' dir='ltr'><strong>ac,</strong></span> <span class='ocrx_word' id='word_1_179' title='bbox 1730 2686 1888 2749; x_wconf 88' lang='lat' dir='ltr'><strong>dum</strong></span> <span class='ocrx_word' id='word_1_180' title='bbox 1936 2686 2145 2747; x_wconf 85' lang='lat' dir='ltr'><strong>instat</strong></span> <span class='ocrx_word' id='word_1_181' title='bbox 2182 2684 2611 2766; x_wconf 86' lang='lat' dir='ltr'><strong>lacessitque,</strong></span> 
     </span>
     <span class='ocr_line' id='line_1_24' title="bbox 424 2785 2615 2871; baseline 0.001 -24"><span class='ocrx_word' id='word_1_182' title='bbox 424 2803 676 2848; x_wconf 88' lang='lat' dir='ltr'><strong>corona</strong></span> <span class='ocrx_word' id='word_1_183' title='bbox 721 2787 1016 2871; x_wconf 89' lang='lat' dir='ltr'><strong>undique</strong></span> <span class='ocrx_word' id='word_1_184' title='bbox 1061 2789 1494 2852; x_wconf 86' lang='lat' dir='ltr'><strong>circumdatis</strong></span> <span class='ocrx_word' id='word_1_185' title='bbox 1535 2786 1895 2861; x_wconf 62' lang='lat' dir='ltr'><strong>moenibus»,</strong></span> <span class='ocrx_word' id='word_1_186' title='bbox 1938 2785 2199 2866; x_wconf 85' lang='lat' dir='ltr'><strong>aliquot</strong></span> <span class='ocrx_word' id='word_1_187' title='bbox 2246 2785 2497 2848; x_wconf 87' lang='lat' dir='ltr'><strong>milites</strong></span> <span class='ocrx_word' id='word_1_188' title='bbox 2550 2791 2615 2849; x_wconf 88' lang='lat' dir='ltr'><strong>et</strong></span> 
     </span>
    </p>
   </div>
   <div class='ocr_carea' id='block_1_5' title="bbox 492 2963 1507 3029">
    <p class='ocr_par' dir='ltr' id='par_1_6' title="bbox 492 2963 1507 3029">
     <span class='ocr_line' id='line_1_25' title="bbox 492 2963 1507 3029; baseline 0.001 -14"><span class='ocrx_word' id='word_1_189' title='bbox 492 2963 516 2996; x_wconf 55' lang='grc' dir='ltr'><strong>ὅ</strong></span> <span class='ocrx_word' id='word_1_190' title='bbox 553 2965 617 3013; x_wconf 75' lang='lat' dir='ltr'><strong>Et</strong></span> <span class='ocrx_word' id='word_1_191' title='bbox 637 2967 916 3029; x_wconf 68' lang='lat' dir='ltr'><strong>presidium</strong></span> <span class='ocrx_word' id='word_1_192' title='bbox 935 2970 1028 3020; x_wconf 78' lang='lat' dir='ltr'><strong>alio</strong></span> <span class='ocrx_word' id='word_1_193' title='bbox 1050 2984 1112 3020; x_wconf 76' lang='lat' dir='ltr'><strong>ex</strong></span> <span class='ocrx_word' id='word_1_194' title='bbox 1133 2970 1300 3020; x_wconf 75' lang='lat' dir='ltr'><strong>timore</strong></span> <span class='ocrx_word' id='word_1_195' title='bbox 1319 2969 1507 3020; x_wconf 69' lang='lat' dir='ltr'><strong>abiisse.</strong></span> 
     </span>
    </p>
   </div>
   <div class='ocr_carea' id='block_1_6' title="bbox 1337 3095 1699 3120">
    <p class='ocr_par' dir='ltr' id='par_1_7' title="bbox 1337 3095 1699 3120">
     <span class='ocr_line' id='line_1_26' title="bbox 1337 3095 1699 3120; baseline -0.017 0"><span class='ocrx_word' id='word_1_196' title='bbox 1337 3095 1699 3120; x_wconf 63' lang='lat' dir='ltr'><strong>WOO</strong></span> 
     </span>
    </p>
   </div>
   <div class='ocr_carea' id='block_1_7' title="bbox 425 3189 2617 3454">
    <p class='ocr_par' dir='ltr' id='par_1_8' title="bbox 425 3189 2613 3380">
     <span class='ocr_line' id='line_1_27' title="bbox 425 3189 2613 3260; baseline 0.006 -23"><span class='ocrx_word' id='word_1_197' title='bbox 425 3195 532 3238; x_wconf 70' lang='lat' dir='ltr'><strong>reat</strong></span> <span class='ocrx_word' id='word_1_198' title='bbox 565 3205 662 3254; x_wconf 85' lang='lat' dir='ltr'><strong>pro</strong></span> <span class='ocrx_word' id='word_1_199' title='bbox 697 3195 834 3260; x_wconf 77' lang='lat' dir='ltr'><strong>vulg.</strong></span> <span class='ocrx_word' id='word_1_200' title='bbox 869 3197 1070 3248; x_wconf 66' lang='lat' dir='ltr'><strong>Monere</strong></span> <span class='ocrx_word' id='word_1_201' title='bbox 1101 3199 1276 3260; x_wconf 77' lang='lat' dir='ltr'><strong>recepi</strong></span> <span class='ocrx_word' id='word_1_202' title='bbox 1310 3212 1378 3248; x_wconf 84' lang='lat' dir='ltr'><strong>ex</strong></span> <span class='ocrx_word' id='word_1_203' title='bbox 1411 3199 1617 3248; x_wconf 81' lang='lat' dir='ltr'><strong>emend.</strong></span> <span class='ocrx_word' id='word_1_204' title='bbox 1650 3195 1830 3257; x_wconf 74' lang='lat' dir='ltr'><strong>Sigon.</strong></span> <span class='ocrx_word' id='word_1_205' title='bbox 1866 3200 1922 3242; x_wconf 88' lang='lat' dir='ltr'><strong>et</strong></span> <span class='ocrx_word' id='word_1_206' title='bbox 1950 3191 2145 3246; x_wconf 74' lang='lat' dir='ltr'><strong>Stroth·</strong></span> <span class='ocrx_word' id='word_1_207' title='bbox 2210 3189 2314 3240; x_wconf 71' lang='lat' dir='ltr'><strong>Sed</strong></span> <span class='ocrx_word' id='word_1_208' title='bbox 2339 3191 2473 3240; x_wconf 58' lang='lat' dir='ltr'><strong>fone</strong></span> <span class='ocrx_word' id='word_1_209' title='bbox 2497 3206 2613 3242; x_wconf 70' lang='lat'><strong>0⁰¹¹!</strong></span> 
     </span>
     <span class='ocr_line' id='line_1_28' title="bbox 427 3255 2613 3324; baseline 0.006 -21"><span class='ocrx_word' id='word_1_210' title='bbox 427 3257 580 3306; x_wconf 77' lang='lat' dir='ltr'><strong>Crev.</strong></span> <span class='ocrx_word' id='word_1_211' title='bbox 603 3258 704 3321; x_wconf 79' lang='lat' dir='ltr'><strong>leg.</strong></span> <span class='ocrx_word' id='word_1_212' title='bbox 723 3265 776 3308; x_wconf 69' lang='lat' dir='ltr'><strong>at</strong></span> <span class='ocrx_word' id='word_1_213' title='bbox 797 3263 856 3310; x_wconf 82' lang='lat' dir='ltr'><strong>de</strong></span> <span class='ocrx_word' id='word_1_214' title='bbox 881 3264 1056 3324; x_wconf 69' lang='lat' dir='ltr'><strong>Capua</strong></span> <span class='ocrx_word' id='word_1_215' title='bbox 1075 3295 1087 3308; x_wconf 92' lang='lat'><strong>.</strong></span> <span class='ocrx_word' id='word_1_216' title='bbox 1106 3295 1120 3308; x_wconf 90' lang='lat'><strong><em>.</em></strong></span> <span class='ocrx_word' id='word_1_217' title='bbox 1141 3297 1154 3310; x_wconf 93' lang='lat'><em>.</em></span> <span class='ocrx_word' id='word_1_218' title='bbox 1175 3296 1190 3311; x_wconf 89' lang='lat'><strong>.</strong></span> <span class='ocrx_word' id='word_1_219' title='bbox 1211 3263 1430 3312; x_wconf 73' lang='grc' dir='ltr'><strong>Ιιώισε.</strong></span> <span class='ocrx_word' id='word_1_220' title='bbox 1499 3261 1562 3310; x_wconf 82' lang='lat' dir='ltr'><strong>In</strong></span> <span class='ocrx_word' id='word_1_221' title='bbox 1604 3259 1777 3314; x_wconf 65' lang='lat' dir='ltr'><strong>multis</strong></span> <span class='ocrx_word' id='word_1_222' title='bbox 1814 3265 1961 3308; x_wconf 66' lang='lat' dir='ltr'><strong>certe</strong></span> <span class='ocrx_word' id='word_1_223' title='bbox 1996 3258 2127 3306; x_wconf 61' lang='lat' dir='ltr'><strong>MS&amp;</strong></span> <span class='ocrx_word' id='word_1_224' title='bbox 2160 3255 2235 3306; x_wconf 57' lang='lat' dir='ltr'><strong>“a</strong></span> <span class='ocrx_word' id='word_1_225' title='bbox 2268 3270 2364 3319; x_wconf 75' lang='grc' dir='ltr'><strong>1)Γο</strong></span> <span class='ocrx_word' id='word_1_226' title='bbox 2384 3255 2613 3320; x_wconf 56' lang='grc'><strong>,50119123</strong></span> 
     </span>
     <span class='ocr_line' id='line_1_29' title="bbox 425 3317 1514 3380; baseline 0.008 -14"><span class='ocrx_word' id='word_1_227' title='bbox 425 3317 748 3380; x_wconf 81' lang='lat' dir='ltr'><strong>Rupert.—6</strong></span> <span class='ocrx_word' id='word_1_228' title='bbox 785 3325 1006 3376; x_wconf 57' lang='lat' dir='ltr'><strong>Prasia&amp;</strong></span> <span class='ocrx_word' id='word_1_229' title='bbox 1027 3327 1258 3378; x_wconf 80' lang='lat' dir='ltr'><strong>Gronov.</strong></span> <span class='ocrx_word' id='word_1_230' title='bbox 1281 3327 1514 3376; x_wconf 79' lang='lat' dir='ltr'><strong>Crevier.</strong></span> 
     </span>
    </p>

    <p class='ocr_par' dir='ltr' id='par_1_9' title="bbox 490 3381 2617 3454">
     <span class='ocr_line' id='line_1_30' title="bbox 490 3381 2617 3454; baseline 0.008 -22"><span class='ocrx_word' id='word_1_231' title='bbox 490 3387 521 3432; x_wconf 75' lang='grc'><strong>7</strong></span> <span class='ocrx_word' id='word_1_232' title='bbox 557 3384 699 3435; x_wconf 85' lang='lat' dir='ltr'><strong>Olim</strong></span> <span class='ocrx_word' id='word_1_233' title='bbox 722 3386 1015 3454; x_wconf 71' lang='lat' dir='ltr'><strong>legebatur,</strong></span> <span class='ocrx_word' id='word_1_234' title='bbox 1035 3391 1192 3440; x_wconf 74' lang='lat' dir='ltr'><strong>moliri</strong></span> <span class='ocrx_word' id='word_1_235' title='bbox 1211 3397 1374 3454; x_wconf 74' lang='lat' dir='ltr'><strong>portas</strong></span> <span class='ocrx_word' id='word_1_236' title='bbox 1393 3397 1586 3440; x_wconf 72' lang='lat' dir='ltr'><strong>etseras</strong></span> <span class='ocrx_word' id='word_1_237' title='bbox 1601 3389 1893 3448; x_wconf 67' lang='grc' dir='ltr'><strong>εἱαείνσφίε</strong></span> <span class='ocrx_word' id='word_1_238' title='bbox 1908 3383 2283 3448; x_wconf 59' lang='lat' dir='ltr'><strong>effi&#39;ssflffm·-⁸</strong></span> <span class='ocrx_word' id='word_1_239' title='bbox 2318 3381 2379 3430; x_wconf 66' lang='grc' dir='ltr'><strong><em>Μ</em></strong></span> <span class='ocrx_word' id='word_1_240' title='bbox 2398 3381 2547 3434; x_wconf 64' lang='lat'><strong>‘²⁶0⁸‘</strong></span> <span class='ocrx_word' id='word_1_241' title='bbox 2564 3383 2617 3434; x_wconf 66' lang='lat'><strong>3⁰</strong></span> 
     </span>
    </p>
   </div>
   <div class='ocr_carea' id='block_1_8' title="bbox 1416 3533 1631 3588">
    <p class='ocr_par' dir='ltr' id='par_1_10' title="bbox 1416 3533 1631 3588">
     <span class='ocr_line' id='line_1_31' title="bbox 1416 3533 1631 3588; baseline -0.009 0"><span class='ocrx_word' id='word_1_242' title='bbox 1416 3533 1631 3588; x_wconf 76' lang='lat' dir='ltr'>NOTAE</span> 
     </span>
    </p>
   </div>
   <div class='ocr_carea' id='block_1_9' title="bbox 426 3603 2613 3773">
    <p class='ocr_par' dir='ltr' id='par_1_11' title="bbox 426 3603 2613 3773">
     <span class='ocr_line' id='line_1_32' title="bbox 449 3603 1842 3698; baseline -0.002 -17"><span class='ocrx_word' id='word_1_243' title='bbox 449 3643 454 3648; x_wconf 86' lang='lat'><strong>·</strong></span> <span class='ocrx_word' id='word_1_244' title='bbox 489 3627 514 3662; x_wconf 75' lang='lat'><strong><em>⁴</em></strong></span> <span class='ocrx_word' id='word_1_245' title='bbox 550 3629 788 3694; x_wconf 64' lang='lat' dir='ltr'><strong>Geram]</strong></span> <span class='ocrx_word' id='word_1_246' title='bbox 843 3634 1024 3696; x_wconf 81' lang='lat' dir='ltr'><strong>Populi</strong></span> <span class='ocrx_word' id='word_1_247' title='bbox 1069 3603 1204 3686; x_wconf 52' lang='lat' dir='ltr'><strong>nitra</strong></span> <span class='ocrx_word' id='word_1_248' title='bbox 1247 3627 1482 3686; x_wconf 72' lang='lat' dir='ltr'><strong>Afflcam</strong></span> <span class='ocrx_word' id='word_1_249' title='bbox 1561 3632 1842 3698; x_wconf 77' lang='lat' dir='ltr'><strong>provincia.</strong></span> 
     </span>
     <span class='ocr_line' id='line_1_33' title="bbox 426 3699 2613 3773; baseline -0 -20"><span class='ocrx_word' id='word_1_250' title='bbox 426 3708 639 3769; x_wconf 78' lang='lat' dir='ltr'><strong>proprie</strong></span> <span class='ocrx_word' id='word_1_251' title='bbox 661 3707 874 3772; x_wconf 74' lang='lat' dir='ltr'><strong>dictam,</strong></span> <span class='ocrx_word' id='word_1_252' title='bbox 907 3712 1224 3773; x_wconf 78' lang='lat' dir='ltr'><strong>Numidiam,</strong></span> <span class='ocrx_word' id='word_1_253' title='bbox 1253 3721 1310 3762; x_wconf 83' lang='lat' dir='ltr'><strong>et</strong></span> <span class='ocrx_word' id='word_1_254' title='bbox 1333 3713 1480 3761; x_wconf 77' lang='lat' dir='ltr'><strong>Mau·</strong></span> <span class='ocrx_word' id='word_1_255' title='bbox 1624 3717 1646 3742; x_wconf 60' lang='grc' dir='ltr'><strong>ε</strong></span> <span class='ocrx_word' id='word_1_256' title='bbox 1678 3709 1907 3768; x_wconf 69' lang='lat' dir='ltr'><strong>Metaque</strong></span> <span class='ocrx_word' id='word_1_257' title='bbox 1929 3699 2213 3762; x_wconf 67' lang='lat' dir='ltr'><strong>concessum]</strong></span> <span class='ocrx_word' id='word_1_258' title='bbox 2276 3699 2414 3750; x_wconf 86' lang='lat' dir='ltr'><strong>Num</strong></span> <span class='ocrx_word' id='word_1_259' title='bbox 2438 3703 2613 3765; x_wconf 79' lang='lat' dir='ltr'><strong>potius</strong></span> 
     </span>
    </p>
   </div>
   <div class='ocr_carea' id='block_1_10' title="bbox 427 3774 2747 3852">
    <p class='ocr_par' dir='ltr' id='par_1_12' title="bbox 427 3774 2747 3852">
     <span class='ocr_line' id='line_1_34' title="bbox 427 3774 2747 3852; baseline -0.001 -22"><span class='ocrx_word' id='word_1_260' title='bbox 427 3782 664 3832; x_wconf 76' lang='lat' dir='ltr'><strong>titaniarn</strong></span> <span class='ocrx_word' id='word_1_261' title='bbox 690 3782 834 3834; x_wconf 80' lang='lat' dir='ltr'><strong>fuere</strong></span> <span class='ocrx_word' id='word_1_262' title='bbox 857 3787 1073 3849; x_wconf 78' lang='lat' dir='ltr'><strong>Gaetuli,</strong></span> <span class='ocrx_word' id='word_1_263' title='bbox 1099 3789 1274 3852; x_wconf 68' lang='lat' dir='ltr'><strong>Libye</strong></span> <span class='ocrx_word' id='word_1_264' title='bbox 1299 3788 1479 3837; x_wconf 82' lang='lat' dir='ltr'><strong>interi·</strong></span> <span class='ocrx_word' id='word_1_265' title='bbox 1559 3797 1836 3840; x_wconf 70' lang='lat' dir='ltr'><strong>conuersum,</strong></span> <span class='ocrx_word' id='word_1_266' title='bbox 1854 3779 2037 3842; x_wconf 69' lang='lat' dir='ltr'><strong>supple</strong></span> <span class='ocrx_word' id='word_1_267' title='bbox 2048 3791 2164 3836; x_wconf 78' lang='lat' dir='ltr'><strong>me,</strong></span> <span class='ocrx_word' id='word_1_268' title='bbox 2181 3774 2324 3824; x_wconf 80' lang='lat' dir='ltr'><strong>abiis</strong></span> <span class='ocrx_word' id='word_1_269' title='bbox 2340 3777 2426 3842; x_wconf 82' lang='lat' dir='ltr'><strong>qui</strong></span> <span class='ocrx_word' id='word_1_270' title='bbox 2442 3779 2496 3827; x_wconf 78' lang='lat' dir='ltr'><strong>se</strong></span> <span class='ocrx_word' id='word_1_271' title='bbox 2512 3777 2615 3828; x_wconf 81' lang='lat' dir='ltr'><strong>Ca·</strong></span> <span class='ocrx_word' id='word_1_272' title='bbox 2740 3829 2747 3838; x_wconf 75' lang='grc'><em>,</em></span> 
     </span>
    </p>
   </div>
   <div class='ocr_carea' id='block_1_11' title="bbox 429 3852 2619 4306">
    <p class='ocr_par' dir='ltr' id='par_1_13' title="bbox 429 3852 2619 4306">
     <span class='ocr_line' id='line_1_35' title="bbox 429 3852 2617 3926; baseline 0 -23"><span class='ocrx_word' id='word_1_273' title='bbox 429 3857 533 3904; x_wconf 72' lang='lat' dir='ltr'><strong>oris</strong></span> <span class='ocrx_word' id='word_1_274' title='bbox 567 3859 747 3922; x_wconf 75' lang='lat' dir='ltr'><strong>ingens</strong></span> <span class='ocrx_word' id='word_1_275' title='bbox 779 3863 940 3922; x_wconf 78' lang='lat' dir='ltr'><strong>natio,</strong></span> <span class='ocrx_word' id='word_1_276' title='bbox 981 3865 1034 3912; x_wconf 84' lang='lat' dir='ltr'><strong>in</strong></span> <span class='ocrx_word' id='word_1_277' title='bbox 1073 3877 1136 3912; x_wconf 82' lang='lat' dir='ltr'><strong>eo</strong></span> <span class='ocrx_word' id='word_1_278' title='bbox 1167 3871 1340 3914; x_wconf 75' lang='lat' dir='ltr'><strong>tractu</strong></span> <span class='ocrx_word' id='word_1_279' title='bbox 1391 3862 1478 3926; x_wconf 86' lang='lat' dir='ltr'><strong>qui</strong></span> <span class='ocrx_word' id='word_1_280' title='bbox 1561 3860 1767 3909; x_wconf 84' lang='lat' dir='ltr'><strong>silinum</strong></span> <span class='ocrx_word' id='word_1_281' title='bbox 1790 3853 2132 3917; x_wconf 73' lang='lat' dir='ltr'><strong>receperant?</strong></span> <span class='ocrx_word' id='word_1_282' title='bbox 2168 3852 2219 3900; x_wconf 84' lang='lat' dir='ltr'><strong>id</strong></span> <span class='ocrx_word' id='word_1_283' title='bbox 2245 3859 2447 3916; x_wconf 49' lang='grc' dir='ltr'><strong>δῆμοι</strong></span> <span class='ocrx_word' id='word_1_284' title='bbox 2470 3861 2617 3904; x_wconf 75' lang='lat' dir='ltr'><strong>mota</strong></span> 
     </span>
     <span class='ocr_line' id='line_1_36' title="bbox 431 3927 2615 4003; baseline -0 -24"><span class='ocrx_word' id='word_1_285' title='bbox 431 3931 582 3983; x_wconf 80' lang='lat' dir='ltr'><strong>bodie</strong></span> <span class='ocrx_word' id='word_1_286' title='bbox 620 3935 981 4000; x_wconf 70' lang='lat' dir='ltr'><strong>Biledslgerid:</strong></span> <span class='ocrx_word' id='word_1_287' title='bbox 1015 3941 1065 3987; x_wconf 87' lang='lat' dir='ltr'><strong>in</strong></span> <span class='ocrx_word' id='word_1_288' title='bbox 1101 3954 1201 4003; x_wconf 85' lang='lat' dir='ltr'><strong>quo</strong></span> <span class='ocrx_word' id='word_1_289' title='bbox 1239 3939 1358 3998; x_wconf 82' lang='lat' dir='ltr'><strong>illis,</strong></span> <span class='ocrx_word' id='word_1_290' title='bbox 1399 3944 1483 3986; x_wconf 83' lang='lat' dir='ltr'><strong>ut·</strong></span> <span class='ocrx_word' id='word_1_291' title='bbox 1561 3949 1783 3988; x_wconf 73' lang='lat' dir='ltr'><strong>cessare,</strong></span> <span class='ocrx_word' id='word_1_292' title='bbox 1804 3946 1904 3979; x_wconf 87' lang='lat' dir='ltr'><strong>non</strong></span> <span class='ocrx_word' id='word_1_293' title='bbox 1928 3927 2141 3984; x_wconf 80' lang='lat' dir='ltr'><strong>moveri,</strong></span> <span class='ocrx_word' id='word_1_294' title='bbox 2161 3933 2220 3975; x_wconf 85' lang='lat' dir='ltr'><strong>ut</strong></span> <span class='ocrx_word' id='word_1_295' title='bbox 2240 3927 2615 3978; x_wconf 70' lang='lat' dir='ltr'><strong>‘consider-ein</strong></span> 
     </span>
     <span class='ocr_line' id='line_1_37' title="bbox 433 4001 2619 4079; baseline -0.003 -21"><span class='ocrx_word' id='word_1_296' title='bbox 433 4007 556 4072; x_wconf 80' lang='lat' dir='ltr'><strong>pote</strong></span> <span class='ocrx_word' id='word_1_297' title='bbox 590 4017 760 4072; x_wconf 62' lang='lat' dir='ltr'><strong>vagari</strong></span> <span class='ocrx_word' id='word_1_298' title='bbox 784 4015 964 4079; x_wconf 66' lang='lat' dir='ltr'><strong>solitis,</strong></span> <span class='ocrx_word' id='word_1_299' title='bbox 997 4023 1194 4066; x_wconf 75' lang='lat' dir='ltr'><strong>certam</strong></span> <span class='ocrx_word' id='word_1_300' title='bbox 1217 4016 1481 4076; x_wconf 78' lang='lat' dir='ltr'><strong>assignare</strong></span> <span class='ocrx_word' id='word_1_301' title='bbox 1559 4011 1673 4059; x_wconf 87' lang='lat' dir='ltr'><strong>otio</strong></span> <span class='ocrx_word' id='word_1_302' title='bbox 1692 4007 1725 4056; x_wconf 85' lang='lat'><strong>:’</strong></span> <span class='ocrx_word' id='word_1_303' title='bbox 1748 4009 1821 4055; x_wconf 78' lang='lat' dir='ltr'><strong>ita</strong></span> <span class='ocrx_word' id='word_1_304' title='bbox 1841 4005 1975 4067; x_wconf 78' lang='lat' dir='ltr'><strong>apud</strong></span> <span class='ocrx_word' id='word_1_305' title='bbox 1996 4001 2261 4064; x_wconf 74' lang='lat' dir='ltr'><strong>Virgilium</strong></span> <span class='ocrx_word' id='word_1_306' title='bbox 2275 4003 2482 4050; x_wconf 74' lang='lat' dir='ltr'><strong>men.</strong></span> <span class='ocrx_word' id='word_1_307' title='bbox 2506 4007 2619 4052; x_wconf 79' lang='lat' dir='ltr'><strong>‘se-</strong></span> 
     </span>
     <span class='ocr_line' id='line_1_38' title="bbox 430 4075 2615 4153; baseline -0.002 -20"><span class='ocrx_word' id='word_1_308' title='bbox 430 4084 605 4134; x_wconf 74' lang='lat' dir='ltr'><strong>sedem</strong></span> <span class='ocrx_word' id='word_1_309' title='bbox 637 4085 848 4139; x_wconf 82' lang='lat' dir='ltr'><strong>difficile</strong></span> <span class='ocrx_word' id='word_1_310' title='bbox 881 4089 1059 4139; x_wconf 82' lang='lat' dir='ltr'><strong>fuerit.</strong></span> <span class='ocrx_word' id='word_1_311' title='bbox 1127 4089 1365 4153; x_wconf 78' lang='lat' dir='ltr'><strong>Aliquam</strong></span> <span class='ocrx_word' id='word_1_312' title='bbox 1393 4102 1482 4137; x_wconf 88' lang='lat' dir='ltr'><strong>no·</strong></span> <span class='ocrx_word' id='word_1_313' title='bbox 1562 4087 1741 4146; x_wconf 76' lang='lat' dir='ltr'><strong>deant,</strong></span> <span class='ocrx_word' id='word_1_314' title='bbox 1762 4085 2100 4145; x_wconf 72' lang='lat' dir='ltr'><strong>spectentque</strong></span> <span class='ocrx_word' id='word_1_315' title='bbox 2126 4075 2333 4126; x_wconf 81' lang='lat' dir='ltr'><strong>Latini.’</strong></span> <span class='ocrx_word' id='word_1_316' title='bbox 2387 4075 2519 4125; x_wconf 82' lang='lat' dir='ltr'><strong>Nam</strong></span> <span class='ocrx_word' id='word_1_317' title='bbox 2539 4091 2615 4128; x_wconf 73' lang='lat' dir='ltr'><strong>ee·</strong></span> 
     </span>
     <span class='ocr_line' id='line_1_39' title="bbox 429 4147 2617 4216; baseline -0.002 -8"><span class='ocrx_word' id='word_1_318' title='bbox 429 4159 578 4210; x_wconf 66' lang='lat' dir='ltr'><strong>mini!</strong></span> <span class='ocrx_word' id='word_1_319' title='bbox 595 4159 894 4215; x_wconf 79' lang='lat' dir='ltr'><strong>affinitatem</strong></span> <span class='ocrx_word' id='word_1_320' title='bbox 912 4181 1028 4216; x_wconf 85' lang='lat' dir='ltr'><strong>curn</strong></span> <span class='ocrx_word' id='word_1_321' title='bbox 1047 4165 1273 4216; x_wconf 73' lang='lat' dir='ltr'><strong>Gaetulia</strong></span> <span class='ocrx_word' id='word_1_322' title='bbox 1291 4163 1483 4212; x_wconf 75' lang='lat' dir='ltr'><strong>babere</strong></span> <span class='ocrx_word' id='word_1_323' title='bbox 1561 4161 1674 4210; x_wconf 77' lang='lat' dir='ltr'><strong>dere</strong></span> <span class='ocrx_word' id='word_1_324' title='bbox 1710 4164 1764 4206; x_wconf 84' lang='lat' dir='ltr'><strong>et</strong></span> <span class='ocrx_word' id='word_1_325' title='bbox 1803 4155 2041 4205; x_wconf 73' lang='lat' dir='ltr'><strong>considere</strong></span> <span class='ocrx_word' id='word_1_326' title='bbox 2074 4165 2217 4214; x_wconf 64' lang='lat' dir='ltr'><strong>sape</strong></span> <span class='ocrx_word' id='word_1_327' title='bbox 2258 4149 2393 4198; x_wconf 82' lang='lat' dir='ltr'><strong>idem</strong></span> <span class='ocrx_word' id='word_1_328' title='bbox 2428 4147 2617 4216; x_wconf 67' lang='lat' dir='ltr'><strong>signifi-</strong></span> 
     </span>
     <span class='ocr_line' id='line_1_40' title="bbox 432 4225 2434 4306; baseline -0.004 -20"><span class='ocrx_word' id='word_1_329' title='bbox 432 4237 638 4288; x_wconf 79' lang='lat' dir='ltr'><strong>videtur</strong></span> <span class='ocrx_word' id='word_1_330' title='bbox 697 4241 884 4292; x_wconf 71' lang='lat' dir='ltr'><strong>Grauia</strong></span> <span class='ocrx_word' id='word_1_331' title='bbox 937 4243 1080 4306; x_wconf 74' lang='lat' dir='ltr'><strong>regni</strong></span> <span class='ocrx_word' id='word_1_332' title='bbox 1137 4238 1484 4292; x_wconf 78' lang='lat' dir='ltr'><strong>Marrocbiani</strong></span> <span class='ocrx_word' id='word_1_333' title='bbox 1565 4243 1691 4287; x_wconf 80' lang='lat' dir='ltr'><strong>cant</strong></span> <span class='ocrx_word' id='word_1_334' title='bbox 1710 4231 1843 4298; x_wconf 83' lang='lat' dir='ltr'><strong>quod</strong></span> <span class='ocrx_word' id='word_1_335' title='bbox 1864 4229 2091 4284; x_wconf 67' lang='lat' dir='ltr'><strong>deridere.</strong></span> <span class='ocrx_word' id='word_1_336' title='bbox 2110 4225 2192 4275; x_wconf 77' lang='lat' dir='ltr'><strong>vel</strong></span> <span class='ocrx_word' id='word_1_337' title='bbox 2213 4225 2434 4277; x_wconf 76' lang='lat' dir='ltr'><strong>residere.</strong></span> 
     </span>
    </p>
   </div>
  </div>
 </body>
</html>
