3159 4934
536 423 711 489 2164
1466 439 1538 490 τ.
1587 440 1782 488 1.1v11

606 564 791 629 refert,
808 572 862 615 et
886 565 1133 630 templum
1153 564 1390 615 Feronia
1412 565 1650 615 omnibus
1671 566 1862 629 spoliat
1883 564 2049 615 donia.
2087 569 2165 615 12.
2179 564 2312 617 Inde
2329 565 2489 616 celeri
2509 578 2662 616 curru
2675 566 2727 615 in

604 647 869 697 Bruttium
887 660 1065 709 agrum
1089 644 1377 701 contendit,
1399 653 1454 694 et
1476 646 1690 695 Fulviua
1715 645 1854 695 redit
1875 645 2103 706 Capuam
2123 660 2140 693 ε
2175 643 2262 693 ubi
2287 644 2548 708 principe·
2563 644 2728 695 domi-

606 728 701 777 bna
738 727 921 777 incluai
946 728 1131 790 patria
1170 740 1408 776 occasum
1445 726 1497 775 in
1533 726 1647 775 diet
1681 732 1986 789 expectant,
2009 723 2348 789 prefectiqne
2375 726 2600 789 praeaidii
2624 726 2731 775 Pn-

603 808 730 871 nici,
752 808 942 859 Bostar
974 816 1030 858 et
1051 808 1259 869 Hanno,
1278 806 1481 869 literar,
1500 820 1687 871 aapere
1718 806 1782 855 ad
1813 805 2156 857 Hannibalem
2192 806 2537 871 conacriptaa,
2555 804 2730 869 perfe-

600 888 786 937 rendae
822 888 1037 939 tradunt
1081 886 1333 943 Numidia,
1354 886 1444 950 qni
1484 886 1663 949 specie
1684 885 1890 950 quidem
1933 884 2312 949 tranafugarum
2350 887 2402 935 in
2427 893 2601 937 caetra
2622 888 2726 937 Ro·

603 984 759 1019 nnana
781 968 1015 1030 veniunt,
1036 975 1096 1018 ut
1116 966 1237 1017 inde
1258 966 1450 1016 abeant
1469 971 1706 1029 tempore
1727 974 1904 1029 capto.
1925 966 2016 1015 aed
2041 981 2074 1016 a
2095 966 2308 1017 muliere
2326 966 2594 1030 Campana
2609 982 2726 1031 pro·

603 1050 699 1099 diti
722 1048 1233 1114 comprehenduntur
1264 1054 1321 1097 ct
1352 1045 1567 1097 mulcati
1591 1046 1751 1110 virgis
1789 1046 2126 1112 manibuaquc
2156 1046 2389 1111 praciaia
2419 1047 2730 1111 rediguntur

606 1130 859 1194 Capuam.
934 1131 1018 1177 1⁸.
1054 1127 1227 1191 Major
1239 1126 1352 1191 jam
1374 1131 1588 1177 aenatue
1611 1139 1731 1190 para
1756 1126 1956 1190 legatos
1983 1126 2050 1176 de
2073 1142 2203 1191 pace
2225 1126 2504 1178 mittendos
2525 1135 2725 1191 cenaet,
2765 1128 2776 1139 '

602 1210 941 1275 nequicquam
967 1205 1261 1271 refragante
1282 1206 1440 1255 Vibio
1462 1206 1651 1262 Virrio,
1676 1205 1981 1258 defectionis
2004 1206 2072 1256 ab
2105 1208 2348 1258 Romania
2381 1213 2614 1270 anctore,
2635 1208 2725 1272 qui

604 1290 807 1353 suadet,
830 1296 887 1339 nt
908 1296 1074 1339 morte
1102 1290 1315 1338 honesta
1332 1302 1394 1337 ac
1411 1287 1798 1349 leni-cruciatus
1821 1286 2094 1353 effugiant.
2143 1292 2224 1337 1⁴.
2246 1289 2523 1339 Senatores
2539 1300 2724 1339 xxvii.

603 1386 721 1422 cum
734 1372 907 1421 Virrio
927 1370 1196 1433 epulantea
1218 1368 1457 1431 exemplo
1471 1369 1586 1431 ejue
1609 1381 1862 1419 venenum
1884 1368 2146 1430 hauriunt,
2163 1376 2218 1419 et
2235 1375 2401 1433 portat
2421 1368 2726 1431 aperiuntur

602 1452 849 1503 boatibna.
936 1452 1065 1499 Tum
1100 1448 1285 1513 reliqui
1326 1446 1837 1511 comprehenduntur
1876 1454 2163 1512 senatorer,
2207 1456 2262 1497 et
2304 1461 2442 1499 xxv.
2477 1447 2630 1497 Cales
2667 1448 2722 1496 in

598 1532 903 1588 custodiam,
940 1543 1149 1581 xxvut.
1178 1529 1415 1579 Teanum
1438 1529 1739 1579 mittuntur.
1826 1533 1906 1578 15.
1940 1528 2027 1579 De
2047 1542 2223 1580 eornm
2243 1529 2500 1593 supplicio
2517 1528 2722 1592 Appius

604 1628 698 1678 per
720 1614 897 1662 literas
922 1618 1160 1661 acuatum
1184 1608 1333 1659 Rom.
1352 1609 1602 1659 contulitz
1641 1616 1696 1659 at
1725 1609 1794 1661 Q.
1819 1609 2033 1659 Fulviua
2056 1609 2168 1659 illua
2200 1609 2356 1673 virgin
2381 1608 2512 1659 caedi
2531 1610 2723 1659 accuri-

604 1708 703 1757 que
728 1692 932 1757 percuti
962 1690 1134 1755 jubet,
1156 1696 1208 1739 ct
1231 1695 1399 1739 aumto
1438 1688 1644 1737 demum
1673 1689 1928 1753 supplicio
1961 1690 2142 1739 literae
2173 1690 2303 1753 legit
2333 1690 2498 1739 Roma
2526 1689 2727 1739 allatae.

602 1773 831 1823 Eandem
868 1776 1081 1820 mortem
1129 1768 1360 1833 poatulat
1384 1768 1589 1818 Taurea
1625 1768 1887 1820 Jubelliua
1918 1769 2228 1834 Campanua,
2262 1782 2429 1835 eaque
2461 1779 2648 1833 negata
2669 1784 2725 1819 aa

601 1853 773 1919 gladio
790 1854 903 1915 ipae
924 1849 1198 1913 transfigit.
1267 1851 1348 1898 10.
1381 1846 1564 1898 Atella
1582 1856 1641 1899 et
1667 1850 1869 1899 Calatia
1889 1850 1940 1899 in
1963 1848 2282 1901 deditionem
2306 1850 2654 1915 accipiuntur,
2671 1856 2728 1900 et
2815 1863 2830 1873 ·

602 1946 784 1984 nevere
815 1928 1241 1981 animadvertitur
1262 1926 1313 1977 in
1338 1928 1630 1993 Campanos
1651 1930 1870 1980 maxime
1894 1930 2107 1981 noxior:
2143 1932 2374 1993 Capuam
2400 1945 2522 1981 vero
2555 1932 2726 1995 ipsam

601 2010 795 2063 nervari
836 2012 1030 2073 placet,
1063 2015 1119 2058 et
1150 2006 1459 2071 prafectnm
1492 2021 1555 2058 eo
1595 2008 1660 2058 ad
1688 2010 1815 2073 jura
1848 2009 2113 2060 reddenda
2144 2012 2420 2075 quotannis
2456 2010 2524 2060 ab
2555 2011 2724 2062 Roma

602 2093 761 2143 mitti.

538 2178 617 2225 17.
650 2174 711 2223 C.
734 2172 875 2222 Nero
904 2186 1021 2221 cum
1051 2168 1232 2219 electi·
1267 2168 1513 2219 militibne
1548 2168 1602 2219 in
1631 2168 1940 2233 Hiapaniam
1963 2169 2204 2228 mittitur,
2227 2170 2315 2221 ubi
2349 2170 2636 2221 exercitum
2657 2170 2724 2223 ab

599 2254 663 2305 T.
688 2251 915 2303 ‘Fonteio
948 2264 1010 2301 ac
1036 2250 1097 2300 1..
1121 2249 1319 2299 Marcio
1350 2249 1561 2313 accipit,
1592 2254 1646 2297 ct
1677 2249 2059 2300 Hasdrubalem
2094 2250 2294 2301 claudit
2327 2250 2536 2315 quidem
2571 2250 2724 2307 saltu,

596 2333 688 2383 aed
707 2332 825 2383 dolo
846 2332 961 2396 ejua
988 2337 1171 2395 captu·
1192 2328 1400 2379 emittit.
1469 2331 1549 2377 18.
1583 2328 1807 2378 Comitia
1827 2329 2083 2379 habentur
2109 2331 2403 2394 proconsuli
2426 2330 2650 2381 creando
2672 2330 2724 2381 in

602 2413 929 2477 Hiapaniam,
947 2417 1019 2473 et,
1050 2410 1250 2461 nemine
1272 2422 1459 2459 nomen
1483 2406 1716 2471 profiteri
1748 2409 1996 2475 audente,
2019 2410 2290 2475 imperium
2313 2410 2412 2460 boc
2441 2410 2596 2475 petit,
2617 2424 2729 2459 om·

595 2493 846 2559 nibuaquc
882 2490 1140 2556 suffragiis
1175 2490 1370 2555 accipit
1406 2488 1473 2539 P.
1498 2488 1772 2538 Cornelius
1811 2488 2006 2553 Scipio,
2043 2490 2236 2552 Publii,
2257 2490 2346 2556 qni
2378 2490 2432 2541 in
2467 2490 2723 2555 Hispania

598 2574 877 2639 ceciderat,
900 2571 1050 2630 filine,
1073 2582 1234 2620 xxiv.
1254 2566 1417 2617 ferme
1442 2582 1603 2617 anno·
1625 2574 1795 2617 natue.
1853 2573 1931 2619 19.
1957 2568 2060 2619 Hic
2073 2568 2307 2633 juvenis,
2331 2572 2416 2633 qui
2439 2570 2722 2621 virtutibus

598 2668 790 2719 eaeque
818 2651 1115 2704 ostentandi
1136 2658 1250 2701 arte
1272 2647 1517 2698 mirabilia
1538 2654 1672 2705 erat,
1691 2656 1748 2699 et
1765 2648 1952 2699 divium
1977 2650 2154 2713 atripia
2175 2664 2290 2700 ease
2316 2651 2650 2717 credebatur,
2669 2654 2724 2701 in

600 2735 909 2799 Hispaniam
952 2731 1293 2796 proficiscitur
1313 2744 1431 2779 cum
1466 2742 1603 2778 novo
1635 2730 1872 2780 exercitu
1904 2737 1960 2780 et
1992 2730 2072 2780 M.
2093 2730 2250 2782 Junio
2282 2731 2458 2782 Silano
2491 2747 2726 2797 propro-

600 2824 733 2879 tore,
756 2814 843 2881 qui
864 2812 1073 2877 adjutor
1094 2811 1143 2860 ei
1178 2809 1246 2861 ad
1278 2824 1363 2860 rea
1393 2808 1648 2874 gerendae
1668 2808 1818 2860 datua
1845 2818 1978 2861 erat.
2043 2815 2126 2861 2ο.
2161 2812 2510 2862 Tarraconem
2535 2826 2723 2862 conce·

601 2896 702 2959 dit,
718 2904 775 2945 et
796 2895 1039 2945 civitates
1060 2892 1317 2941 sociorum
1339 2890 1638 2955 veterisque
1662 2890 1928 2941 exercitus
1947 2891 2182 2955 hyberna
2202 2892 2327 2944 adit.
2360 2892 2576 2943 Interea
2589 2894 2718 2943 claa-

596 2977 669 3025 aia
692 2975 909 3034 Punica,
930 2986 995 3021 ex
1019 2970 1200 3021 Sicilia
1221 2970 1506 3019 Tarentum
1527 2970 1716 3030 accita,
1747 2970 1948 3019 claudit
1966 2972 2174 3037 quidem
2199 2987 2376 3023 omnes
2409 2974 2476 3023 ad
2500 2988 2670 3025 arcem
2692 2990 2724 3023 a

600 3054 727 3103 mari
774 3052 967 3113 aditus,
998 3049 1089 3099 aed
1124 3062 1243 3100 mox
1284 3048 1588 3111 dimittitur,
1623 3050 1746 3113 quia
1780 3051 2058 3101 arctiorem
2113 3053 2265 3104 socii·
2300 3067 2554 3105 annonam
2597 3052 2726 3105 facit

602 3148 758 3201 quam
774 3130 930 3181 boati.

536 3219 620 3265 at.
648 3214 725 3264 Μ.
746 3210 1049 3274 Marcellus,
1082 3223 1149 3259 cx
1190 3208 1368 3259 Sicilia
1398 3222 1660 3271 reverens,
1691 3209 1973 3274 triumphat
2004 3209 2057 3259 in
2091 3217 2267 3262 monte
2298 3212 2502 3263 Albano
2521 3220 2576 3263 et
2599 3212 2722 3264 inde

600 3294 799 3345 Urbem
833 3305 989 3343 ovant
1026 3292 1141 3341 init.
1217 3290 1354 3340 Post
1392 3288 1504 3352 ejus
1547 3288 1922 3353 profectionem
1967 3291 2189 3342 militum
2227 3292 2280 3342 in
2324 3294 2590 3357 provincia
2632 3294 2724 3344 illa

600 3377 899 3427 relictorum
922 3373 1075 3423 animi
1096 3370 1346 3423 inclinant
1373 3368 1441 3419 ad
1462 3367 1788 3434 seditionem,
1813 3377 1867 3420 et
1887 3371 2127 3422 civitatee
2159 3371 2353 3436 aliquot
2385 3372 2635 3425 deficiunt
2654 3373 2723 3425 ad

602 3456 795 3508 Poenoa
827 3462 886 3505 et
904 3452 1173 3517 Numidae,
1200 3452 1291 3517 qni
1328 3450 1463 3501 duee
1496 3450 1706 3501 Mutine
1741 3452 1996 3501 aociornm
2035 3453 2184 3503 Rom.
2221 3468 2372 3517 agro·
2409 3462 2592 3503 urunt:
2629 3454 2720 3503 aed

601 3552 687 3589 rea
709 3535 931 3587 afflictae
954 3532 1188 3585 restituit
1226 3532 1307 3581 M.
1331 3530 1604 3583 Corneliua
1635 3541 1847 3595 prator.
1907 3535 1989 3583 22.
2023 3530 2088 3581 In
2122 3534 2345 3584 comitiis
2367 3533 2723 3583 consularibus

600 3616 949 3683 prerogativa
978 3612 1235 3669 centuria,
1256 3626 1373 3677 qun
1395 3610 1464 3662 Τ.
1483 3610 1767 3661 Otacilium
1785 3620 1842 3661 et
1861 3612 1923 3661 Τ.
1940 3612 2191 3663 Manlium
2203 3614 2523 3677 Torquatum
2545 3613 2722 3663 decla·

602 3704 829 3759 raverat,
848 3697 945 3745 boc
962 3694 1259 3759 postulante
1278 3690 1418 3741 redit
1436 3690 1491 3741 in
1508 3688 1809 3755 suffragium
1843 3698 1998 3757 atque
2019 3694 2099 3744 Μ.
2122 3691 2393 3743 Claudium
2415 3694 2720 3743 Marcellum

604 3784 663 3827 ct
676 3778 755 3827 Μ.
766 3776 1031 3825 Valerium
1052 3771 1323 3823 Larinum
1344 3772 1580 3821 consules
1606 3769 1753 3822 dicit.
1809 3775 1893 3822 28.
1912 3772 2174 3823 Praetoria
2195 3771 2449 3821 habentur
2471 3772 2718 3824 comitia:

602 3856 713 3907 ludi
736 3856 1059 3919 Apollinarea
1084 3855 1137 3902 in
1176 3861 1488 3917 perpetuum
1514 3860 1796 3903 voventur:
1833 3858 2174 3917 procurantur
2197 3850 2450 3919 prodigia,
2470 3860 2526 3903 et
2547 3866 2719 3905 tacer-

604 3937 811 3987 dotibna
829 3934 1109 3983 demortui·
1126 3934 1245 3983 novi
1268 3930 1611 3983 sufficiuntur.

536 4022 619 4071 24.
652 4018 733 4068 Μ.
752 4014 993 4065 Valeriae
1016 4013 1257 4062 Laevinus
1292 4027 1408 4063 cum
1430 4012 1603 4078 Scopa
1622 4019 1679 4064 et
1708 4014 2043 4077 Dorimacbo,
2076 4012 2395 4078 principibu·
2414 4014 2720 4081 AEtolorum,

604 4097 733 4149 facit
754 4094 939 4155 i'oedna,
954 4092 1253 4154 bellumque
1272 4106 1523 4157 prospere
1546 4102 1719 4145 movet
1742 4094 1986 4143 adveraus
2011 4093 2309 4157 Philippum
2330 4102 2384 4145 et
2403 4095 2722 4147 Acarnanas.

604 4183 688 4229 26.
726 4179 829 4229 Rea
860 4188 891 4223 a
924 4172 1164 4236 Philippo
1196 4179 1357 4236 geete
1393 4179 1448 4222 et
1480 4174 1768 4239 conjuratio
1789 4174 2136 4224 Acarnanum.
2191 4178 2272 4223 26.
2305 4175 2544 4227 Laevinua
2568 4176 2720 4226 Anti·

604 4271 779 4321 cyrum
803 4260 1071 4323 expugnat
1094 4259 1146 4303 et
1172 4252 1414 4303 diuturno
1438 4252 1509 4305 ibi
1532 4253 1712 4305 morbo
1750 4255 2028 4318 implicitun
2050 4254 2216 4305 aerina
2253 4270 2347 4320 ape
2371 4258 2590 4307 omnium
2615 4256 2718 4309 Ro·
