3159 4934
593 408 768 479 2334
1479 428 1550 477 τ.
1602 426 1797 475 mvn

593 588 801 633 naves
837 560 1132 632 indidem
1168 569 1404 635 accitae
1445 578 1656 647 erant,
1690 588 1847 653 quae
1888 576 2263 653 vergentem
2302 570 2387 637 ad
2412 590 2603 637 maie
2638 590 2793 657 par·-

593 676 726 733 tem
775 669 959 733 urbis
1009 678 1482 755 oppugnarent.
1567 672 1670 736 Ea
1718 672 1968 737 omissa
2008 675 2423 757 oppugnatio
2462 684 2595 750 est,
2624 674 2792 759 quia

593 771 941 837 Lacinium
964 780 994 808 ¹¹
1023 772 1366 838 Hannibal
1401 772 1791 839 admoverat
1820 774 2105 857 copias;
2136 781 2204 838 et
2224 775 2551 857 collegam
2574 774 2792 841 edux-

591 874 732 939 isse
741 874 882 957 jam
915 877 1002 940 ab
1030 873 1332 940 Venusia
1361 878 1731 941 exercitum
1764 874 1945 941 sama
1985 882 2151 953 erat,
2189 876 2303 940 cui
2332 877 2637 960 conjungi
2672 896 2793 943 vo-

591 975 800 1041 lebat.
885 977 1128 1061 Itaque
1175 978 1244 1041 in
1296 976 1622 1061 Apuliam
1672 994 1761 1039 ex
1806 977 2095 1041 Bruttiis
2150 976 2461 1053 reditum,
2506 986 2577 1043 et
2616 979 2789 1043 iuter

591 1076 960 1144 Venusiam
993 1079 1488 1164 Bantiamque,5
1507 1088 1535 1115 ¹
1565 1080 1785 1144 minus
1814 1080 2007 1145 trium
2036 1078 2315 1143 millium
2346 1098 2665 1163 passuum
2686 1081 2790 1145 in-

591 1180 895 1255 tervallO,
955 1180 1260 1255 consules
1313 1182 1488 1245 binis
1535 1180 1771 1245 castris
1820 1180 2291 1246 consederant.
2378 1180 2459 1243 In
2504 1180 2783 1246 eandem

591 1283 919 1364 regionem
965 1290 1036 1345 et
1079 1282 1416 1347 Hannibal
1455 1281 1676 1357 rediit,
1704 1300 1948 1347 averso
1995 1282 2083 1345 ab
2118 1280 2357 1345 Locris
2392 1281 2589 1345 bello.
2674 1282 2785 1346 Ibi

591 1386 795 1447 ambo
839 1384 1169 1461 consuleS,
1211 1385 1482 1467 ingenio
1531 1385 1811 1455 feroces.
1856 1402 2063 1467 prope
2107 1382 2407 1466 quotidie
2450 1384 2523 1446 in
2566 1385 2783 1448 aciem

592 1485 818 1565 exire3
839 1484 868 1525 ⁶
911 1484 1083 1550 haud
1118 1486 1325 1549 dubia
1363 1506 1506 1569 spe,
1547 1486 1609 1549 si
1656 1485 1921 1550 duobus
1967 1484 2379 1549 exercitibus
2415 1484 2787 1549 consulari·

589 1588 718 1651 bus
737 1586 990 1670 junctis
1013 1587 1464 1651 'commisisset
1489 1606 1642 1651 sese
1670 1587 1913 1663 hostis,
1944 1585 2263 1651 debellari
2285 1603 2509 1667 posse.

676 1688 784 1753 26.
830 1688 1174 1752 Hannibal
1205 1689 1370 1770 quia
1397 1708 1551 1752 cum
1603 1688 1931 1753 Marcello
1985 1687 2093 1751 bis
2145 1686 2366 1769 priore
2416 1704 2589 1750 anno
2632 1704 2788 1751 oon·

589 1808 862 1871 gressus
892 1790 1152 1854 vicerat
1181 1789 1538 1873 victusque
1567 1794 1734 1866 erat,
1782 1797 1884 1866 ut,
1916 1807 2069 1853 cum
2100 1787 2338 1852 eodem
2370 1787 2432 1851 si
2464 1786 2784 1852 dimican-

589 1888 750 1954 dum
798 1890 991 1969 foret,
1040 1910 1166 1955 nec
1217 1910 1432 1973 spem,
1471 1910 1595 1955 nec
1646 1896 1893 1954 metum
1940 1908 2029 1955 ex
2062 1908 2238 1954 vano
2282 1888 2561 1953 haberet
2584 1897 2647 1968 3⁷
2688 1888 2787 1953 ita

589 1990 852 2055 duobus
889 1991 1283 2056 consulibus
1327 1991 1849 2074 haudquaquam
1876 2010 2025 2055 sese
2058 2010 2285 2074 parem
2312 1990 2597 2056 futurum
2642 2008 2787 2054 cre·

593 2093 820 2157 debat.
904 2092 1155 2177 Itaque,
1183 2100 1372 2158 totus
1401 2095 1470 2157 in
1515 2110 1683 2157 suas
1720 2100 1895 2157 artes
1942 2110 2192 2168 versus,
2240 2090 2511 2156 insidiis
2562 2090 2783 2155 locum

589 2194 959 2277 quaerebat.
1045 2194 1258 2261 Levia
1313 2201 1532 2259 tamen
1592 2194 1833 2278 praelia
1880 2194 2055 2258 inter
2114 2192 2277 2256 bina
2330 2198 2551 2256 castra
2594 2192 2785 2257 vario

591 2302 832 2360 eventu
863 2297 1129 2360 fiebant.
1219 2295 1488 2374 Quibus
1518 2314 1673 2360 cum
1700 2294 1971 2360 extrahi
2021 2301 2327 2358 aestatem
2376 2310 2575 2377 posse
2626 2310 2788 2357 oon·

591 2398 778 2471 sales
826 2396 1188 2473 crederent,
1219 2396 1653 2461 nihilominus
1690 2396 2065 2479 oppugnari
2108 2395 2363 2459 Locros
2392 2412 2597 2477 posse
2632 2394 2785 2471 rati,

589 2497 672 2562 L.
703 2495 963 2572 Cincio,
991 2504 1070 2563 ut
1101 2516 1192 2562 ex
1235 2496 1476 2562 Sicilia
1507 2497 1767 2563 Locros
1796 2516 1951 2562 cum
1984 2498 2205 2562 classe
2241 2496 2594 2580 trajiceret,
2622 2494 2785 2560 scri-
2870 2486 2875 2489 ’

590 2598 801 2663 buntz
831 2606 920 2676 et,
949 2606 1024 2663 ut
1055 2599 1144 2663 ab
1175 2604 1350 2663 terra
1378 2617 1651 2682 quoque
1680 2597 2056 2683 oppugnari
2084 2597 2340 2662 moenia
2366 2604 2667 2679 possent,
2695 2596 2785 2661 ab

588 2700 884 2765 Tarento
913 2706 1174 2783 partem
1203 2702 1569 2778 exercitus,
1602 2700 1721 2784 qui
1758 2700 1828 2763 in
1852 2698 1877 2738 ⁸
1925 2698 2246 2782 praesidio
2292 2704 2454 2775 erat,
2503 2698 2663 2763 duci
2702 2716 2787 2762 eo

583 2804 952 2887 jusserunt.
1069 2802 1172 2866 Ea
1219 2804 1314 2867 ita
1365 2803 1593 2867 sutura
1635 2820 1752 2885 per
1800 2788 2133 2884 quosdam
2183 2800 2563 2864 Tharinos¹
2608 2820 2790 2865 com-

587 2910 844 2988 pertum
909 2902 1284 2969 Hannibali
1349 2923 1497 2967 cum
1557 2910 1797 2982 esset,⁹
1840 2902 2046 2967 mittit
2094 2901 2181 2967 ad
2228 2899 2647 2967 insidendam
2694 2900 2783 2965 ab

1494 3068 1863 3091 900000000000

580 3164 946 3225 ferebam—6
982 3164 1117 3214 Haec
1143 3171 1222 3216 eat
1245 3164 1424 3230 Sigon.
1446 3164 1708 3215 emendat.
1761 3164 1886 3213 Vet.
1906 3163 1995 3213 lib.
2030 3162 2261 3213 Baetim
2351 3134 2384 3211 .“
2420 3159 2603 3223 Antia.
2626 3161 2787 3212 lectio

589 3229 784 3289 vulgat.
817 3228 1154 3293 Bantiamque.
1235 3230 1502 3280 Plutarch.
1547 3237 1603 3279 et
1642 3229 1889 3291 stephan.
1922 3226 2214 3277 annm—o
2378 3225 2475 3273 iaie
2514 3226 2691 3275 militen
2732 3228 2787 3276 '-

589 3293 738 3342 acient
767 3294 924 3344 mire
956 3293 1121 3343 Gron.
1147 3295 1362 3359 Doujat.
1395 3297 1410 3322 ‘
1434 3296 1559 3344 Put.
1581 3291 1641 3342 τὸ
1661 3294 1836 3343 auilites
1854 3294 2071 3353 omittit,
2090 3291 2225 3357 quod
2250 3304 2347 3339 uec
2384 3291 2473 3339 alli
2506 3291 2593 3339 aiii
2628 3292 2785 3353 paulo

589 3358 902 3409 vetustiores
922 3358 1251 3423 agnoscunt)
1280 3360 1338 3409 J.
1362 3358 1424 3408 F.
1451 3360 1604 3409 Gna.

651 3426 682 3472 7
717 3423 882 3473 Gron.
906 3424 1045 3487 conj.
1075 3423 1292 3479 babebat,
1317 3424 1465 3489 prob.
1487 3422 1811 3487 nupera-8
1842 3421 2055 3483 Vulgat-
2078 3420 2337 3483 scriptura
2354 3417 2586 3469 babebat
2606 3432 2711 3482 qu
2730 3418 2785 3468 ia

1576 3568 1795 3620 NOTAE

651 3670 675 3695 ¹¹
707 3662 980 3727 laciniam]
1031 3664 1296 3728 Oppidum
1335 3672 1434 3729 eat,
1467 3665 1639 3716 vicino
1720 3666 1877 3721 locat,
1894 3662 2029 3714 haud
2048 3662 2357 3728 procuiejua
2374 3660 2621 3714 fontibus.
2656 3662 2783 3712 Fuit

587 3736 806 3788 Junonia
857 3740 1054 3804 templo
1103 3740 1440 3805 celebratam,
1481 3742 1643 3806 juxta
1718 3755 1844 3806 ergo
1876 3754 1943 3791 ex
1978 3740 2197 3792 adverso
2226 3739 2407 3804 oppidi
2442 3738 2609 3789 Petra
2626 3739 2783 3791 Galla

587 3814 991 3876 promontorium
1001 3815 1230 3879 ejusdem
1241 3817 1486 3879 nonium
1501 3830 1640 3866 anne
1720 3818 1771 3868 in
1794 3818 2095 3873 Basilicata.
2112 3830 2213 3866 non
2236 3817 2417 3878 procui
2440 3816 2679 3867 Cirenaa.

587 3888 718 3950 eq»
745 3886 868 3937 delle
905 3888 1110 3940 Colo-ae
1143 3892 1196 3941 in
1232 3892 1472 3943 Calabria
1505 3894 1640 3943 alte·
1782 3902 1804 3937 5
1842 3892 2097 3955 illan-iau]
2156 3890 2199 3941 Α
2237 3890 2456 3953 'linai-iia,
2490 3889 2689 3955 oppido
2724 3891 2781 3939 ia

587 3963 733 4013 riori·
1718 3968 1961 4029 Bruttiis,
1984 3967 2112 4019 dicti
2136 3966 2373 4017 Thurini.
2436 3964 2503 4017 Id
2526 3972 2681 4015 antea
2698 3964 2781 4015 Si·

649 4046 678 4073 *
710 4037 1050 4102 fimumque]
1096 4042 1176 4090 Ex
1214 4042 1362 4093 Livio
1396 4042 1639 4107 Appulia
1720 4044 1879 4100 baria,
1912 4052 2092 4107 poetea
2116 4041 2295 4105 Copia.
2333 4041 2551 4091 dictam.
2620 4042 2781 4091 Nune

585 4115 832 4179 oppidum
854 4122 953 4171 eat,
975 4113 1110 4165 baud
1133 4118 1312 4178 procul
1337 4118 1564 4169 Forento
1586 4128 1641 4171 et
1722 4121 1775 4169 in
1800 4120 1959 4169 ruini·
1985 4125 2201 4169 vocatur
2236 4117 2419 4182 Sint-i,
2458 4118 2510 4167 in
2540 4116 2782 4167 Calabria

586 4188 926 4250 Acherontini,
961 4189 1013 4239 in
1052 4190 1372 4242 Lucanorum
1403 4194 1643 4247 confinio.
1722 4196 1988 4247 citeriora.

589 4265 796 4315 cluver.
820 4263 884 4314 ad
903 4266 1085 4317 lavam
1107 4264 1332 4317 Bradani
1355 4268 1519 4333 ripam
1535 4272 1645 4321 eol·
