3159 4934
1200 371 1345 419 mn.
1391 369 1590 419 xxv.
1635 370 1797 419 cn».
1837 354 1948 419 33.
2497 355 2674 424 2143

484 510 1091 595 praegredientibus,
1116 510 1225 577 ad
1256 512 1480 577 urbem
1503 508 1852 594 Auitorgiu
1883 512 1952 575 iu
1979 515 2334 595 conspectu
2354 512 2672 592 bostium,

488 614 833 678 dirimente
855 615 1055 692 amni,
1078 621 1337 697 ponunt
1362 622 1610 679 castra.
1683 614 1794 679 Ibi
1814 613 1936 681 Cu.
1959 614 2216 697 Scipio,
2240 633 2395 683 cum
2417 614 2670 697 quibus

486 720 637 777 ante
667 714 915 779 dictum
962 722 1067 779 est
1108 713 1356 797 copiis,
1388 714 1710 792 substitit,
1741 724 1812 779 et
1840 714 1920 781 P.
1952 714 2187 799 Scipio
2213 714 2552 799 profectus
2581 715 2668 782 ad

484 814 885 879 destinatam
926 816 1081 880 belli
1112 820 1391 899 partem.

562 915 673 980 33.
720 916 1113 983 Hasdrubal
1141 924 1501 1002 postquam
1550 918 2038 995 animadvertit,
2068 919 2380 999 exiguum
2411 880 2668 985 Roma·-

480 1038 637 1083 num
669 1021 1033 1087 exercitum
1060 1022 1129 1085 in
1158 1021 1421 1100 castris,
1453 1026 1523 1085 et
1550 1040 1745 1104 spem
1787 1041 2050 1087 omnem
2089 1022 2158 1085 iu
2185 1020 2667 1087 Celtiberorum

479 1122 752 1187 auxiliis
810 1140 999 1203 esse3
1044 1123 1302 1206 peritus
1348 1124 1567 1188 omnis
1619 1123 1990 1191 barbaricae
2029 1128 2098 1187 et
2141 1124 2486 1206 praeoipue
2523 1143 2666 1192 om·
2713 1190 2740 1215 ,

474 1223 658 1287 nium
676 1232 707 1275 ⁹
747 1242 971 1289 earum
1014 1224 1325 1305 gentium,
1368 1226 1435 1288 iu
1476 1224 1726 1308 quibus
1772 1244 1892 1307 per
1935 1229 2034 1289 tot
2075 1243 2284 1291 annos
2314 1225 2662 1301 militabat,

476 1324 797 1407 perfidiae,
848 1326 1033 1391 facili
1078 1326 1321 1408 lingum
1374 1325 1858 1401 commercio,⁸0
1907 1345 2060 1391 cum
2105 1331 2384 1409 utraque
2435 1331 2664 1391 castra

474 1426 672 1508 plena
702 1428 1161 1511 Hispanorum
1190 1435 1441 1505 essent,
1474 1446 1598 1509 per
1628 1427 1898 1503 occulta
1933 1427 2276 1512 colloquia
2300 1428 2662 1510 paciscitur

473 1546 709 1610 magua
734 1530 1039 1595 mercede
1054 1548 1207 1595 cum
1226 1528 1710 1607 Celtiberorum
1731 1529 2174 1612 principibu&
2196 1536 2274 1593 ut
2293 1526 2534 1610 copias
2557 1530 2662 1596 in-

472 1632 559 1697 de
578 1634 941 1699 abducant.
1028 1630 1179 1697 Nec
1200 1636 1395 1695 atrox
1424 1629 1648 1695 visum
1684 1629 1974 1695 facinus.
2059 1628 2224 1693 Non
2253 1629 2456 1706 euim,
2488 1635 2564 1695 ut
2591 1630 2662 1698 iu.

472 1732 820 1798 Romanos
848 1736 1173 1797 verterent
1213 1748 1423 1807 arma,
1452 1730 1808 1811 agebatun
1853 1738 1924 1795 et
1961 1748 2240 1807 mercae,
2269 1736 2520 1814 quauta
2551 1729 2660 1796 vel

468 1852 595 1916 pro
623 1834 808 1899 bello
833 1834 1003 1898 satis
1032 1839 1237 1909 esset,
1280 1830 1594 1907 dabatur,
1621 1849 1704 1895 ne
1734 1830 1988 1897 bellum
2017 1837 2358 1912 gererent3
2403 1839 2474 1895 et
2503 1850 2660 1901 cum

464 1934 657 2015 quies
703 1937 882 2019 ipsa,-
932 1940 1071 1999 tum
1116 1932 1371 1997 reditus
1414 1930 1684 1997 domum
1728 1931 2123 2015 fructusque
2180 1931 2450 1999 videndi
2495 1950 2660 1997 suos

466 2052 749 2116 suaque,
798 2043 985 2115 grata
1028 2034 1227 2115 vulgo
1272 2040 1479 2097 erant.
1570 2032 1814 2113 Itaque
1859 2051 1992 2097 nou
2035 2031 2328 2099 ducibus
2363 2033 2656 2111 facilius,

466 2152 665 2216 quam
704 2132 1130 2208 multitudini,
1170 2150 1559 2213 persuasum
1591 2140 1740 2197 est:
1785 2134 1984 2197 simul
2013 2153 2097 2198 ne
2127 2142 2352 2199 metus
2383 2135 2654 2216 quidem

465 2231 553 2295 ab
582 2232 913 2297 Romanis
940 2239 1103 2307 erat,
1133 2232 1387 2316 quippe
1412 2237 1545 2296 tam
1572 2232 1834 2316 paucis,
1859 2234 1920 2295 si
1957 2234 2021 2295 vi
2049 2234 2480 2299 retinerent-¹¹
2502 2233 2522 2269 ‘
2563 2232 2652 2303 Id

464 2333 729 2416 quidem
748 2334 1125 2425 'cavendum
1158 2350 1423 2417 semper
1456 2332 1782 2401 Romanis
1813 2332 2098 2401 ducibus
2129 2334 2274 2411 erit,
2309 2334 2650 2417 exempla-

459 2452 589 2517 que
630 2435 777 2501 baec
802 2452 959 2501 vere
988 2452 1109 2519 pro
1148 2434 1569 2499 documentis
1597 2434 1932 2511 habenda,
1958 2454 2040 2499 ne
2071 2436 2170 2503 ita
2197 2435 2488 2503 externis
2513 2454 2647 2503 cre-

456 2534 622 2599 daut
662 2536 963 2613 auxiliis,
1014 2541 1088 2600 ut
1128 2554 1263 2600 non
1302 2535 1457 2618 plus
1508 2536 1616 2601 sui
1655 2536 1914 2601 roboris
1952 2556 2354 2621 suarumque
2384 2536 2650 2621 proprio

458 2636 697 2700 virium
741 2638 809 2701 iu
852 2638 1090 2702 castris
1128 2636 1438 2701 habeant.
1524 2636 1748 2719 Signis
1808 2645 2081 2719 repente
2129 2640 2442 2715 sublatis,
2495 2636 2649 2702 Cel·

456 2738 658 2803 tiberi
703 2740 975 2815 abeunt,
1020 2736 1185 2801 nihil
1230 2736 1415 2801 aliud
1456 2738 1911 2819 quaerentibus
1956 2756 2254 2816 causam,
2303 2739 2644 2805 obtestan-

456 2838 767 2922 tibusque
815 2844 887 2902 ut
926 2844 1287 2915 manerent,
1328 2834 1662 2902 Romanis
1702 2837 2211 2920 respondentes,
2271 2857 2473 2923 quam
2521 2838 2646 2903 do-

452 2940 734 3003 mestico
788 2958 865 3003 se
921 2938 1191 3002 avocari
1248 2936 1449 3002 bello.
1559 2936 1820 3021 Scipio,
1869 2944 2233 3023 postquam
2299 2938 2470 3005 socii
2520 2958 2643 3006 nec

452 3040 785 3123 precibus,
830 3057 954 3104 nec
998 3039 1066 3105 vi
1108 3038 1367 3104 retineri
1413 3044 1736 3123 poteraut,
1778 3058 1902 3105 nec
1943 3060 2020 3105 se
2071 3045 2190 3109 aut
2231 3060 2454 3127 parem
2499 3042 2642 3107 sino

448 3141 591 3206 illis
638 3141 817 3207 hosti
876 3160 1055 3218 esse,
1110 3149 1227 3205 aut
1280 3139 1469 3205 fratri
1525 3160 1752 3207 rursus
1803 3141 2114 3225 conjungi
2174 3142 2347 3208 vidit
2415 3160 2643 3227 posse,

448 3262 573 3308 nec
622 3244 831 3309 ullum
878 3240 1063 3307 aliud
1109 3241 1405 3305 salutare
1465 3239 1819 3308 consilium
1866 3242 1936 3305 in
1992 3246 2258 3325 promtu
2301 3262 2479 3321 esse,
2533 3262 2640 3307 re-

448 3353 581 3423 tro,
640 3352 963 3429 quantum
1020 3350 1278 3426 posset,
1338 3342 1570 3407 cedere
1627 3342 1915 3425 statuit3
1981 3343 2050 3407 iu
2109 3342 2180 3409 id
2236 3344 2414 3409 omni
2473 3363 2637 3415 cura

1364 3486 1726 3511 OmoanO

506 3591 591 3641 Ὠ·
614 3592 735 3642 Non
757 3594 838 3640 ent
858 3589 993 3641 Livii
1012 3588 1073 3638 τὸ
1090 3588 1328 3641 omium?
1352 3588 1411 3641 J.
1432 3590 1491 3641 F.
1514 3589 1744 3641 Gronov.
1748 3590 1926 3637 —lo‘
1950 3588 2064 3639 Nee
2099 3586 2156 3639 iu
2188 3588 2314 3639 Put.
2335 3602 2468 3638 neon
2452 3588 2504 3639 iu
2527 3590 2633 3643 ullo

446 3654 1229 3773 ἲῗ“ι““ἰ.·ἰὶ“.“ἷ“..“ῗέ“ἓῖιῗ.“..ἱῖ.“ἔ“ἶ“
1246 3652 1897 3771 ἕξ’ἑ“ἔι“.ιῗᾭῗῖ”ἇ”..ῗέἔ.
1893 3650 2137 3767 '‘ait-¹¹¹3·
2143 3650 2566 3771 '215253282'5
2570 3682 2634 3770 ’.ἶ

441 3784 535 3831 reas
537 3791 719 3835 nerent.

1435 3860 1649 3914 NOTAE

506 3960 523 3993 ²
556 3958 618 4009 Si
648 3960 697 4009 ui
726 3960 1009 4025 retinerent]
1042 3960 1091 4015 A
1116 3959 1385 4011 Gronovio
1414 3964 1495 4011 ent
1576 3974 1645 4023 go
1663 3974 1716 4010 u
1735 3974 1794 4009 ne
1813 3957 2088 4019 retinerent,
2107 3957 2158 4007 id
2182 3963 2282 4021 eut,
2310 3972 2412 4009 nou
2431 3962 2630 4009 metue·

441 4034 741 4097 conjectura
754 4048 820 4083 ex
842 4034 971 4085 Mu.
988 4034 1093 4093 ubi,
1108 4034 1205 4085 cibi
1219 4034 1497 4085 retinerent.
1576 4034 1706 4086 baut
1742 4034 2012 4097 Celtiberi,
2033 4048 2099 4085 ue
2136 4034 2374 4095 Romani,
2395 4032 2482 4097 qui
2518 4040 2626 4085 tam

437 4110 633 4160 Sensus
654 4116 755 4165 en,
777 4110 819 4157 ni
840 4118 1149 4171 conarentur
1166 4110 1385 4167 Romani
1406 4124 1495 4166 eo·
1572 4110 1724 4177 pauci
1737 4116 2010 4171 εει-ωηατ·
2026 4110 2346 4163 retinen-ems
2370 4106 2506 4175 quod
2525 4121 2627 4162 uon

440 4200 537 4252 per
558 4186 661 4236 uim
683 4184 735 4235 in
758 4184 948 4235 eastris
966 4184 1071 4235 ouis
1095 4186 1335 4238 retinere.
1368 4185 1493 4237 Vul-
1552 4188 1782 4255 ,omniuo
1798 4184 2161 4253 spernendum.
