3159 4934
1070 436 1214 486 mn.
1262 433 1484 486 xxiv,
1528 435 1696 495 oar.
1736 418 1849 485 29.
2384 419 2557 487 2037

309 584 832 669 Hippocrates
859 582 1032 649 enim
1059 579 1346 646 finitima
1378 578 1747 665 provinciae
1774 577 2107 644 Romanae
2124 583 2147 613 ⁸
2175 574 2391 661 primo
2422 577 2559 642 sur-

309 689 514 752 tivis
547 684 1060 754 excursionibus
1087 691 1360 750 vastare
1389 682 1641 766 coepit:
1678 680 1944 759 deinde,
1966 697 2122 746 cum
2152 679 2241 745 ad
2268 679 2558 745 tuendos

311 789 702 854 sociorum
734 806 930 870 agros
955 785 1238 850 missum
1267 785 1356 850 ab
1391 783 1627 868 Appio
1672 777 2067 866 praesidium
2104 787 2312 860 esset,
2343 781 2559 847 omni·

308 891 470 955 bus
533 891 758 974 copiis
803 890 1128 973 impetum
1168 888 1240 952 in
1296 886 1685 972 oppositam
1752 883 2113 950 stationem
2165 901 2317 950 cum
2370 883 2559 949 caede

310 993 713 1056 multorum
747 991 928 1056 fecit.
1019 989 1200 1070 Quae
1227 1007 1380 1055 cum
1409 993 1633 1054 essent
1659 987 1961 1052 nuntiata
1992 985 2345 1064 Marcello,
2372 985 2556 1068 lega-

307 1099 444 1159 tos
479 1093 836 1177 extemplo
863 1091 1242 1178 Syracusas
1267 1091 1478 1168 misit,
1507 1089 1631 1175 qui
1656 1088 1851 1174 pacis
1877 1086 2085 1154 fidem
2113 1094 2378 1171 ruptam
2404 1107 2559 1152 esse

309 1193 693 1259 dicerent:
737 1213 862 1259 nec
908 1192 1072 1259 belli
1113 1191 1496 1258 defuturam
1539 1208 1843 1275 unquam
1884 1205 2188 1266 causam,
2215 1189 2351 1252 nisi
2382 1189 2561 1272 Hip-

312 1301 670 1380 pocrates
705 1301 910 1381 atque
939 1295 1280 1380 Epicydes
1317 1313 1450 1361 non
1489 1295 1577 1360 ab
1625 1292 1979 1378 Syracusis
2008 1291 2233 1368 modo,
2262 1289 2383 1354 sed
2414 1295 2562 1356 tota

293 1397 591 1482 procul
624 1398 884 1478 Sicilia,
915 1399 1392 1481 ablegarentnr.
1480 1394 1845 1481 Epicydes,
1871 1415 1954 1460 ne
1990 1401 2109 1460 aut
2141 1411 2299 1458 reus
2345 1393 2560 1458 crimi-

313 1499 450 1564 nis
499 1499 810 1565 absentis
865 1498 1092 1564 fratris
1151 1517 1455 1582 praesens
1493 1502 1691 1574 esset,
1732 1501 1853 1560 aut
1888 1495 2161 1561 deesset
2204 1513 2329 1577 pro
2370 1501 2563 1578 parte

321 1619 482 1666 sua
523 1599 1177 1677 concitando-bello,
1212 1599 1564 1682 profectus
1592 1600 1662 1661 et
1691 1597 1847 1681 ipse
1877 1597 1953 1660 in
1982 1594 2375 1674 Leontinos,
2404 1597 2567 1679 quia

323 1702 529 1767 satis
577 1721 698 1766 eos
741 1700 1068 1766 adversus
1105 1699 1433 1784 populum
1477 1697 1866 1762 Romanum
1914 1695 2295 1762 concitatos
2335 1713 2563 1761 cerne-

323 1803 502 1882 bat,
551 1808 850 1870 avertere
895 1800 1098 1866 etiam
1149 1800 1239 1866 ab
1286 1798 1647 1884 Syracusis
1692 1798 1931 1883 coepit.
2021 1802 2045 1834 ‘
2076 1797 2261 1863 Nam
2304 1799 2400 1865 ita
2441 1817 2565 1864 eos

325 1923 602 1989 pacem
638 1905 983 1990 pepigisse
1017 1921 1170 1968 cum
1201 1901 1557 1980 Romanis,
1588 1905 1685 1978 ut,
1724 1899 2137 1984 quicumque
2166 1900 2409 1983 populi
2436 1901 2563 1966 sub

327 2007 624 2090 regibus
647 2007 956 2084 fuissent,
988 2011 1056 2070 et
1095 2021 1240 2069 suas
1279 2001 1558 2067 ditionis
1585 2005 1811 2066 essent
1828 2021 1847 2081 ;
1864 2002 1891 2040 ⁸
1917 2019 2043 2066 nec
2077 2001 2221 2086 jam
2247 2002 2562 2067 libertate
2684 2051 2693 2061 .

333 2113 713 2173 contentos
741 2125 918 2181 esse,
938 2106 1069 2170 nisi
1091 2104 1298 2171 etiam
1317 2108 1641 2185 regnent²
1668 2119 1753 2166 ac
1771 2100 2218 2167 dominentur.
2284 2103 2561 2168 Renun-

335 2206 664 2272 tiandum
702 2207 909 2289 igitur
936 2207 1038 2270 eis
1066 2223 1247 2283 esse,
1271 2203 1655 2269 Leontinos
1683 2222 1953 2288 quoque
1991 2222 2261 2288 aequum
2290 2221 2565 2268 censere

336 2305 612 2374 liberos
633 2327 784 2372 esse
800 2330 820 2391 3
838 2319 862 2348 ⁶
882 2307 989 2374 vel
1012 2306 1190 2392 quod
1221 2307 1288 2371 in
1317 2306 1468 2371 solo
1495 2307 1679 2374 urbis
1708 2322 1854 2372 suae
1879 2313 2204 2391 tyrannus
2228 2305 2567 2384 ceciderit,

337 2409 471 2476 vel
503 2409 810 2492 quodibi
851 2409 1135 2494 primum
1173 2406 1675 2474 conclamatum
1718 2407 1804 2473 ad
1842 2407 2241 2484 libertatem,
2278 2407 2566 2474 relictis-

341 2529 498 2594 que
546 2510 745 2594 regiis
788 2509 1074 2576 ducibus
1103 2509 1488 2593 Syracusas
1518 2510 1611 2574 sit
1652 2526 2075 2586 concursum.
2164 2509 2409 2595 Itaque
2448 2518 2567 2575 aut

341 2611 786 2677 eximendum
812 2610 882 2677 id
912 2611 998 2676 de
1028 2611 1281 2675 foedere
1311 2629 1496 2688 esse,
1525 2615 1647 2674 aut
1687 2609 1908 2692 legem
1949 2631 2097 2675 eam
2125 2610 2405 2678 foederis
2434 2629 2565 2674 non

343 2709 874 2795 accipiendam-⁹
961 2710 1198 2775 Facile
1248 2710 1663 2775 multitudini
1712 2729 2145 2793 persuasum:
2190 2713 2565 2796 legatisque

347 2815 976 2898 Syracusanorum,
997 2816 1064 2876 et
1094 2811 1181 2875 de
1213 2809 1398 2874 caede
1425 2809 1743 2873 stationis
1761 2809 2089 2876 Romanae
2112 2813 2567 2894 querentibus,

344 2924 426 2980 et
462 2915 959 3000 Hippocratem
987 2917 1192 2995 atque
1211 2908 1582 2994 Epicydem
1610 2909 1799 2974 abire
1829 2928 1949 2974 seu
1974 2910 2257 2990 Locros,
2278 2930 2401 2976 seu
2431 2932 2569 2995 qno

352 3017 506 3080 alio
533 3015 829 3090 mallent,
859 3013 1225 3078 dummodo
1255 3011 1494 3077 Sicilia
1519 3011 1855 3091 cederent,
1887 3011 2308 3097 jubentibus,
2334 3014 2567 3078 feroci-

352 3125 470 3182 ter
518 3135 910 3200 rcsponsum
958 3120 1102 3180 est:
1146 3118 1168 3148 ‘
1198 3113 1448 3199 Neque
1487 3113 1855 3180 mandasse
1899 3135 2053 3180 sese
2100 3115 2567 3199 Syracusanis,

352 3226 435 3284 ut
462 3235 698 3301 pacem
727 3237 850 3300 pro
881 3236 956 3282 se
986 3235 1139 3282 cum
1171 3213 1510 3280 Romanis
1538 3214 1871 3280 facerent:
1916 3235 2131 3300 neque
2158 3217 2373 3280 teneri
2404 3215 2565 3280 alie-

354 3320 470 3385 nis
499 3318 883 3384 foederibus.
886 3317 904 3344 ¹
993 3315 1176 3382 Hoec
1205 3313 1294 3380 ad
1325 3313 1681 3380 Romanos
1728 3315 2135 3400 Syracusani
2181 3317 2566 3392 detulerunt,

425 3514 450 3548 δ
484 3516 660 3566 Essent
683 3514 930 3566 etimsub
953 3512 1598 3590 imper-ioSyracusanorun.

430 3579 593 3630 Sibe·
613 3595 800 3646 aquam
819 3579 976 3630 videri
996 3585 1052 3630 ut
1075 3577 1222 3630 etiam
1241 3577 1468 3630 Leontini
1487 3575 1743 3642 ipsiliberi
1758 3576 1875 3628 sint.

1287 3740 1348 3760 00
1379 3737 1619 3760 om

369 3855 868 3982 ng-Iggcrcesseraut
908 3853 1044 3906 Edd.
1078 3853 1146 3906 ab
1179 3856 1394 3908 Ascens-
1437 3854 1504 3904 ad
1540 3854 1873 3904 otonem—2
1908 3851 2104 3914 Regem
2138 3849 2291 3902 Grut.
2336 3851 2567 3903 Gronov.

1349 4030 1568 4084 NOTAE

433 4151 456 4177 ¹
475 4145 710 4194 Finitima
737 4146 994 4209 prouincia
1019 4143 1269 4208 Romana]
1289 4145 1431 4195 [oca
1501 4155 1758 4199 sanorum,
1792 4143 1881 4208 qui
1918 4143 2117 4208 legatos
2154 4141 2219 4191 ad
2257 4139 2566 4192 Marcellum

365 4219 568 4271 scilicet
589 4220 800 4271 ditionis
819 4221 1062 4272 Romana
1081 4221 1252 4272 vicina
1269 4221 1434 4270 hou·
1505 4221 1768 4278 miserant,
1792 4223 1857 4273 de
1878 4221 2075 4273 foedere
2096 4226 2321 4270 acturos.

368 4295 522 4348 tinia:
557 4295 718 4362 idque
749 4302 938 4349 contra
966 4305 1192 4352 mentem
1212 4297 1437 4362 Syracu·
