3159 4934
1150 489 1301 539 mn.
1348 488 1545 540 xxv.
1591 489 1755 540 car.
1795 474 1905 541 31.
2443 477 2619 547 2139

426 628 512 701 Id
562 636 636 697 nt
680 628 925 695 scirent
970 629 1297 710 Romani,
1328 632 1505 700 fecit.
1595 632 1839 718 Itaque
1872 632 2236 707 Marcellus
2265 641 2468 703 nocte
2499 656 2614 705 na·

425 752 579 797 vem
630 731 993 798 onerariam
1046 754 1195 799 cnm
1244 737 1517 801 armatis
1574 737 1868 803 remulco
1918 724 2396 819 quadriremis*
2440 738 2610 803 trahi

423 834 511 899 ad
551 832 1003 899 Achradinam
1044 834 1273 917 jussit,
1318 836 1732 921 exponitque
1751 836 1800 875 ¹⁸
1845 838 2092 903 milites
2141 839 2409 920 regione
2456 858 2613 923 por-

420 943 537 1009 tm,
567 954 723 1022 quae
775 956 987 1021 prope
1027 936 1281 1003 fontem
1310 938 1710 1006 Arethusam
1759 945 1880 1005 est.
1973 940 2132 1005 Hoc
2181 960 2335 1005 cum
2379 948 2614 1025 quarta

418 1038 653 1121 vigilia.
689 1036 936 1105 factum
980 1048 1188 1115 esset,
1232 1042 1721 1125 expositosque
1754 1042 1990 1107 milites
2021 1050 2234 1124 porta,
2263 1049 2340 1107 ut
2369 1062 2610 1109 couve-

416 1144 627 1217 nerat,
654 1139 1035 1224 recepisset
1064 1139 1406 1223 Mericus3
1446 1143 1598 1207 luce
1641 1142 1857 1225 prima
1887 1141 2258 1209 Marcellus
2300 1145 2610 1211 omuibus

415 1242 631 1326 copiis
678 1242 923 1307 moenia
952 1241 1355 1309 Achradinae
1396 1244 1792 1327 aggreditur,
1823 1244 1923 1308 ita
1953 1250 2032 1309 ut
2056 1264 2186 1309 non
2215 1264 2338 1309 eos
2367 1245 2608 1321 solnm,

414 1344 533 1429 qui
565 1343 1017 1410 Achradinam
1049 1346 1387 1423 tenebant,
1438 1345 1507 1410 in
1554 1365 1630 1409 se
1675 1350 2107 1423 converteret,
2133 1346 2256 1413 sed
2289 1346 2378 1411 ab
2409 1346 2604 1411 Naso

414 1446 618 1511 etiam
666 1447 935 1527 agmina
974 1455 1372 1512 armatorum
1404 1452 1901 1523 concurrerent,
1929 1445 2176 1511 relictis
2207 1446 2608 1513 stationibus

412 1548 577 1625 suis,
618 1547 706 1613 ad
738 1548 872 1611 vim
922 1554 991 1613 et
1032 1546 1365 1631 impetum
1406 1546 1864 1612 Romanorum
1893 1546 2275 1612 arcendum.
2365 1546 2444 1612 In
2477 1546 2604 1617 hoe

412 1648 697 1715 tumultu
732 1650 1049 1714 actuariae
1081 1643 1325 1724 naves,¹
1368 1646 1710 1711 instructae
1748 1646 1893 1728 jam
1924 1655 2078 1711 ante
2106 1648 2606 1714 circumvectoe·

410 1769 563 1831 que,
612 1750 697 1815 ad
747 1748 1011 1815 Nasum
1060 1757 1355 1815 armatos
1404 1752 1767 1831 exponunt,
1813 1746 1930 1829 qui
1967 1747 2343 1831 improviso
2383 1748 2604 1815 adorti

408 1850 810 1935 semiplenas
838 1851 1161 1916 stationes
1205 1854 1271 1914 et
1316 1847 1681 1930 adapertas
1727 1844 1904 1910 fores
1940 1852 2179 1929 portae,
2210 1866 2350 1931 qua
2388 1848 2601 1930 paulo

406 1958 565 2017 aute
610 1958 1047 2019 excurrerant
1096 1951 1362 2029 armati,
1413 1948 1592 2013 haud
1643 1967 1886 2031 magno
1935 1949 2294 2013 certamine
2334 1948 2602 2017 'Nasum

404 2072 670 2135 cepere,
719 2055 1049 2120 desertam
1102 2053 1543 2136 trepidatione
1592 2059 1665 2115 et
1715 2049 1874 2132 fuga
1919 2050 2318 2118 custodum:
2379 2068 2597 2133 neque

403 2154 561 2217 ullis
602 2156 821 2221 minus
869 2154 1171 2237 praesidii
1218 2159 1338 2217 aut
1382 2151 1762 2235 pertinaciae
1805 2150 1895 2215 ad
1941 2151 2366 2226 manendum,
2397 2170 2598 2234 quam

402 2254 785 2337 transfugis,
828 2254 980 2331 fnit,
1022 2252 1269 2336 quia,'⁹
1312 2271 1396 2316 ne
1440 2252 1583 2315 suis
1614 2249 1888 2334 quidem
1916 2249 2086 2315 satis
2116 2250 2468 2314 credentes
2498 2270 2596 2328 se,

400 2354 627 2419 medio
674 2354 1037 2435 certamine
1098 2352 1483 2436 effugerunt.
1574 2352 1938 2417 Marcellus
1993 2357 2072 2415 ut
2119 2356 2385 2433 captam
2445 2370 2596 2419 esse

400 2452 663 2521 Nasum
694 2455 947 2533 didicit,
976 2460 1043 2519 et
1071 2454 1479 2521 Achradinae
1510 2454 1842 2535 regionem
1872 2471 2072 2519 unam
2121 2453 2396 2528 teneri,¹¹¹
2443 2451 2596 2517 Me·

400 2556 743 2639 ricumqne
784 2576 939 2622 cum
978 2556 1295 2639 praesidio
1335 2556 1481 2621 suis
1523 2554 1943 2638 adjunctum,
1977 2553 2278 2637 receptui
2307 2554 2589 2633 cecinit;

393 2676 478 2719 ne
506 2660 706 2740 regiae
737 2676 932 2740 opes,
962 2676 1243 2740 quarum
1272 2656 1453 2721 sama
1482 2655 1719 2738 major,
1743 2673 1948 2737 quam
1978 2674 2108 2733 res,
2141 2658 2306 2733 erat,
2343 2652 2590 2737 diripe-

396 2764 632 2822 rentur.

476 2857 588 2923 31.
654 2858 1037 2943 Suppresso
1079 2860 1336 2941 impetu
1402 2853 1710 2929 militum,
1761 2861 1830 2916 et
1870 2854 1980 2930 iis,
2033 2853 2152 2934 qui
2197 2852 2270 2915 in
2319 2851 2587 2917 Achra-

394 2958 559 3023 dina
587 2966 801 3037 erant,
844 2960 1209 3043 transfugis
1252 2955 1550 3040 spatium
1601 2955 1926 3037 locusque
1967 2950 2148 3035 fugoe
2189 2952 2392 3017 datus
2431 2962 2584 3055 θεῖς

392 3066 462 3124 et
492 3060 923 3145 Syracusani,
950 3058 1221 3125 tandem
1242 3053 1443 3121 liberi
1470 3058 1680 3133 metu,
1713 3054 1930 3137 portis
1951 3052 2363 3119 Achradinae
2386 3064 2581 3137 aper·

1308 3228 1672 3255 COMOOOOOO

394 3366 727 3431 nupera—18
758 3370 844 3419 Ita
876 3368 1011 3420 ΕΜ.
1036 3368 1103 3419 ab
1124 3366 1351 3417 Froben.
1376 3363 1441 3414 ad
1460 3362 1579 3415 διε.
1601 3361 1833 3411 Gronov.
1877 3360 2156 3425 Exponique
2179 3358 2348 3409 Drak.
2382 3359 2579 3411 Stroth.

388 3439 444 3481 et
462 3434 863 3499 Kreyssig.—10
896 3434 1048 3498 Conj.
1074 3434 1291 3497 Rupert.
1314 3430 1415 3494 qui.

1384 3570 1602 3625 No'rffi:

384 3680 516 3732 duos
538 3686 715 3746 portu·
740 3682 910 3745 posita
939 3680 1039 3732 fuit
1060 3695 1125 3731 ea
1146 3694 1266 3744 pars
1286 3679 1441 3745 syn-
1520 3685 1751 3737 remulco
1785 3682 1938 3740 trahi,
1961 3680 2015 3731 id
2046 3686 2147 3741 ert,
2183 3680 2394 3747 remigio
2427 3683 2580 3741 trip-e.

384 3770 633 3807 cunarum·
675 3773 827 3823 qnam
880 3756 1110 3809 Insulam
1153 3755 1439 3807 vocabant:
1521 3763 1639 3826 mis,
1659 3760 1743 3811 cui
1761 3759 2087 3822 eaalligataa
2122 3752 2324 3809 Gallice
2346 3756 2579 3820 dicimus.

388 3832 613 3896 Magnus
643 3843 824 3897 portus
848 3849 880 3884 a,
900 3834 1040 3883 Naso
1080 3832 1145 3883 ad
1180 3833 1438 3895 Plemmy-
1520 3850 1806 3898 remon-quer.

387 3907 517 3955 rium
540 3908 938 3970 promontorium
963 3923 1024 3957 ac
1042 3908 1209 3959 vicum
1231 3916 1437 3972 protea·
1586 3910 1601 3943 ¹
1632 3910 1879 3962 ,actuaria
1912 3912 2080 3975 mer]
2127 3911 2386 3963 Dicuntur
2416 3917 2577 3961 atua-

384 3981 630 4033 debatnr:
651 3983 813 4033 minor
828 3986 963 4034 inter
974 3984 1154 4035 Nason
1169 3990 1229 4034 et
1242 3983 1439 4033 Achra·
1518 3987 1608 4035 riae
1627 4002 1787 4051 naves,
1809 3986 1932 4052 quia
1957 3985 2180 4037 leviores
2209 3993 2364 4051 atque
2400 3987 2576 4049 agilio-

384 4054 559 4105 dinam
580 4056 942 4119 interjacebat.
1514 4074 1599 4110 res
1621 4058 1774 4111 facile
1795 4062 2229 4123 circumaguntur.

450 4130 475 4164 Κ
510 4132 733 4180 &malco
770 4130 1107 4196 quadriremis]
1164 4132 1437 4183 oneraria
1578 4142 1618 4171 Ι·
1635 4136 1830 4203 Tener-i]
1862 4137 2045 4189 Adhuc
2063 4136 2282 4189 retineri
2299 4150 2329 4186 a
2351 4136 2574 4201 Syracu-

385 4224 545 4260 naves
567 4210 731 4259 minus
754 4210 907 4258 remis
927 4224 1077 4273 quam
1105 4216 1258 4260 vento
1279 4223 1436 4271 agun-
1512 4210 1670 4261 sauir.
2281 4252 2290 4259 .

383 4290 503 4335 tur:
540 4282 677 4334 unde
709 4283 841 4335 hanc
872 4285 1157 4337 onerariam
1190 4300 1319 4350 opu·
1340 4284 1439 4335 fuit
