3159 4934
483 334 658 403 2016
1423 356 1489 402 Τ.
1542 356 1729 404 mvn

485 498 865 565 descendit:
913 498 1192 577 Poenus,
1228 500 1440 564 tacita
1471 500 1669 564 etiam
1698 498 2130 565 consessione
2162 500 2410 579 victus,
2438 502 2680 567 castris

487 620 564 664 se
614 602 848 665 tenuit.
916 600 1148 665 Tertio
1205 601 1316 666 die
1371 600 1643 665 silentio
1698 601 1941 677 noctiS,
1990 602 2243 666 omissa
2303 622 2427 685 spe
2474 602 2681 669 Nolae

485 702 852 785 potiundoe,
905 704 999 766 rei
1055 723 1387 786 nunquam
1437 723 1751 787 prospere
1806 710 2106 779 tentatae,
2156 703 2529 768 Tarentum
2586 703 2676 769 ad

487 805 832 868 certiorem
857 824 1042 887 spem
1076 804 1469 887 proditionis
1501 804 1965 887 proficiscitur.

574 906 682 969 18.
727 906 876 969 Nec
904 908 1157 971 minore
1187 907 1408 971 animo
1442 926 1552 970 res
1586 905 1900 973 Romana
1928 907 2135 983 domi,
2165 928 2368 991 quum
2398 908 2681 985 militiae,

487 1006 917 1089 gerebatur-¹⁶
988 1007 1339 1086 Censores,
1368 1009 1567 1074 vacui
1597 1011 1685 1073 ab
1717 1028 1995 1092 operum
2025 1010 2463 1075 locandorum
2496 1032 2680 1090 cura,

486 1116 761 1192 propter
807 1110 1105 1192 inopiam
1158 1110 1399 1187 aerarii,
1431 1110 1520 1176 ad
1553 1130 1769 1175 mores
1805 1110 2141 1175 hominum
2176 1112 2497 1194 regendos
2542 1115 2685 1177 ani-

488 1231 665 1275 mum
701 1210 1116 1276 adverterunt
1161 1212 1688 1296 castigandaque
1736 1213 1923 1289 vitia,
1968 1231 2147 1296 quae,
2188 1214 2373 1277 velut
2409 1212 2687 1278 diutinis

485 1314 734 1377 morbis
764 1332 944 1394 aegra
973 1333 1258 1397 corpora
1287 1333 1377 1377 ex
1405 1333 1481 1377 se
1512 1316 1808 1397 gignunt,
1833 1324 1988 1379 nata
2013 1315 2187 1379 bello
2210 1323 2474 1379 erant-¹⁷
2536 1314 2683 1381 Pri-

487 1432 670 1479 mum
701 1434 820 1479 eos
846 1416 1239 1490 citaverunt,
1265 1417 1382 1499 qui
1409 1422 1566 1499 post
1589 1415 2007 1481 Cannensem
2034 1435 2329 1499 pugnam
2351 1435 2483 1479 rem
2514 1416 2686 1497 pub·

487 1516 686 1580 licam
737 1516 1121 1581 deseruisse
1177 1516 1513 1602 Italiaque
1569 1518 1955 1582 excessisse
2029 1516 2200 1581 velle
2268 1516 2685 1582 dicebantur.

486 1616 816 1703 Princeps
844 1639 1074 1684 eorum
1105 1619 1187 1683 L.
1217 1618 1543 1684 Caecilius
1575 1619 1900 1684 Metellus
1924 1618 1975 1657 ¹⁸
2016 1624 2318 1702 quaestor
2346 1624 2485 1682 tum
2514 1617 2687 1682 forte

489 1727 652 1785 erat.
739 1722 785 1786 J
792 1740 954 1786 ussc
985 1720 1227 1784 deinde
1259 1739 1344 1783 eo
1375 1720 1747 1801 ceterisque
1772 1719 2077 1801 ejusdem
2104 1738 2309 1783 noxoe
2350 1720 2484 1783 reis
2524 1738 2690 1783 cau·

487 1841 630 1886 sam
663 1823 902 1900 dicere,
932 1841 1085 1885 cum
1129 1822 1393 1904 purgari
1441 1820 1853 1901 nequissent,-
1898 1819 2429 1901 pronuntiarunt,
2474 1821 2684 1883 verba

488 1925 988 2005 orationemque
1047 1942 1166 1985 eos
1219 1922 1543 1984 adversus
1593 1940 1731 1985 rem
1785 1921 2127 2003 publicam
2176 1920 2513 1996 habuisse,
2552 1939 2689 2002 quo

489 2024 861 2108 conjuratio
892 2023 1282 2088 deserendae
1326 2021 1548 2088 Italiae
1598 2042 1807 2087 causa
1850 2021 2062 2085 fieret.
2148 2021 2535 2086 Secundum
2571 2040 2691 2086 eos

491 2125 682 2190 citati
733 2125 932 2190 nimis
985 2126 1218 2191 callidi
1268 2125 1672 2189 exsolvendi
1708 2125 1881 2209 juris
1930 2124 2201 2207 jurandi
2253 2124 2693 2206 interpretes;

493 2228 609 2311 qui
641 2228 1093 2311 captivorum,
1128 2247 1220 2291 ex
1265 2228 1499 2293 itinere
1541 2228 1825 2309 regressi
1868 2228 2043 2290 clam
2076 2227 2144 2289 in
2178 2232 2401 2290 castra
2430 2224 2692 2290 Hanni-

489 2327 685 2404 halis,
727 2328 1048 2405 solutum,
1088 2328 1272 2412 quod
1304 2328 1692 2410 juraverant
1735 2328 2088 2403 redituros,
2130 2328 2465 2391 rebantur.
2553 2326 2692 2391 His

494 2429 1083 2513 superioribusque
1133 2430 1268 2492 illis
1323 2429 1478 2512 equi
1527 2427 1803 2505 ademti‚
1844 2429 1965 2510 qui
2014 2428 2359 2510 publicum
2406 2447 2649 2511 equum
2670 2436 2696 2475 ⁸

491 2528 866 2609 habebant3
914 2530 1220 2614 tribuque
1265 2531 1452 2609 moti,
1501 2529 1717 2594 aerarii
1746 2548 1975 2593 omnes
2006 2527 2221 2593 facti.¹‘
2310 2530 2559 2614 Neque
2590 2549 2695 2595 se-

492 2636 648 2693 natu
702 2630 900 2693 modo
944 2636 1060 2695 aut
1107 2630 1410 2713 equestri
1461 2630 1685 2694 ordine
1731 2630 2018 2713 regendo
2049 2648 2211 2695 cura
2240 2650 2315 2695 se
2347 2648 2697 2695 censorum

494 2732 758 2796 tenuit.⁶
845 2730 1150 2796 Nomina
1185 2732 1476 2796 omnium
1529 2750 1621 2795 ex
1663 2730 2003 2815 juniorum
2048 2734 2295 2799 tabulis
2338 2751 2695 2816 excerpse-

496 2842 677 2910 runt,
711 2832 827 2916 qui
859 2834 1298 2917 quadriennio
1341 2853 1476 2898 non
1504 2834 1928 2911 militassent,
1969 2834 2220 2916 quibus
2248 2851 2467 2915 neque
2496 2851 2693 2898 vaca-

495 2936 592 2999 tio
629 2934 816 3017 justa
841 2935 1118 3011 militiae,
1150 2955 1366 3017 neque
1399 2938 1669 2999 morbus
1722 2956 1933 3000 causa
1976 2934 2253 3001 fuisset.¹
2338 2936 2432 3001 Et
2472 2955 2555 3001 ea
2584 2954 2693 3001 su-

2754 1592 2791 1621 Ι

567 3140 587 3164 ·
621 3131 726 3181 Nec
749 3133 961 3181 contenti
982 3132 1125 3193 suere
1143 3145 1359 3183 censores
1378 3132 1609 3183 Senatum
1629 3138 1818 3183 tantum
1838 3138 1923 3182 cut
1945 3132 2123 3196 equites
2140 3134 2380 3193 ordinare,
2398 3136 2479 3183 sed
2496 3136 2701 3200 dero-sp-

499 3202 662 3245 uerunt
681 3211 746 3245 ex
765 3197 1056 3246 censualibus
1083 3197 1258 3247 tubulis
1279 3212 1436 3247 eorum
1453 3198 1665 3263 nomina,
1684 3198 1768 3261 qui
1782 3198 2110 3259 camJuniom
2131 3202 2303 3261 ment,
2323 3198 2512 3247 milicia
2534 3214 2702 3251 nomen

497 3262 716 3324 proximo
735 3262 1045 3325 quadriennio
1065 3277 1159 3313 noa
1182 3264 1431 3312 dederant.

1421 3390 1478 3410 θ’
1483 3388 1630 3411 ΜΝ
1634 3390 1785 3409 00000

570 3492 634 3537 16
667 3487 894 3538 Romam
913 3523 926 3537 .
944 3524 958 3539 .
976 3488 1321 3550 ..gerebantur
1353 3487 1488 3538 Edd.
1513 3494 1635 3537 ante
1672 3486 2032 3539 Granum—17
2066 3487 2084 3515 ‘
2109 3488 2233 3539 Put.
2265 3490 2485 3551 εἰςπιιηί,
2506 3484 2704 3542 cenante

507 3550 628 3602 beno
649 3560 802 3603 eran.
870 3552 952 3603 An
976 3552 1133 3617 forte,
1169 3558 1282 3603 tunc
1301 3558 1473 3603 enata?
1523 3553 1577 3604 J.
1599 3552 1659 3601 F.
1684 3554 1915 3603 Gronov.
1980 3553 2099 3602 vid.
2121 3554 2248 3605 Not.
2272 3555 2530 3604 Van—18
2563 3556 2702 3605 Add.

1497 3724 1715 3775 NOTAE

576 3830 601 3865 ε
632 3820 880 3870 Publicium
896 3818 1085 3883 equum]
1109 3822 1190 3871 De
1206 3834 1340 3885 equo
1357 3820 1564 3884 publico
1649 3822 1778 3871 bant
1814 3822 2106 3885 ignominiae
2138 3838 2319 3873 canu:
2360 3837 2529 3887 neque
2568 3826 2705 3877 enim

508 3906 683 3947 antea.
1648 3898 1881 3947 omnibus
1906 3900 2138 3950 tribubus
2152 3901 2417 3949 eliminare
2438 3908 2709 3965 paternum

572 3974 597 4007 b
637 3972 872 4035 Tribuque
891 3971 1030 4032 mei,
1049 3971 1214 4021 erarii
1235 3986 1390 4021 cmm
1409 3973 1565 4038 sacti]
1649 3974 1835 4039 alioqui
1860 3989 1889 4023 e
1914 3989 2125 4025 numero
2147 3976 2337 4025 civium
2362 3976 2707 4027 Romanorum

507 4050 668 4099 Tribu
693 4050 968 4098 movebant
989 4062 1229 4096 censores
1249 4062 1362 4096 cnm
1390 4062 1456 4097 ex
1479 4051 1569 4099 bo·
1649 4050 1856 4097 omnino
1878 4050 2219 4098 sustulissent.

507 4128 736 4175 nentiore
763 4125 920 4185 tribu,
944 4124 1135 4172 rustica
1159 4130 1305 4186 puta,
1328 4123 1377 4173 in
1403 4128 1568 4175 minus
1717 4124 1731 4157 ¹
1763 4125 1942 4180 Quibus
1962 4140 2106 4187 neque
2124 4126 2307 4175 mentio
2330 4127 2473 4186 juata
2502 4128 2708 4183 militie,

509 4204 793 4264 honestam,
815 4199 974 4249 veluti
999 4196 1266 4256 urbanam,
1290 4199 1568 4250 transfere·
1649 4214 1794 4264 neque
1814 4200 2001 4249 morbus
2015 4200 2366 4265 mutassis-ret]
2398 4202 2661 4253 Immunes
2677 4216 2707 4252 ι
