3159 4934
557 414 734 481 2096
1497 430 1568 479 τ.
1619 426 1813 476 mvn

555 575 934 646 obtruncat,
977 578 1366 656 portamque
1397 572 1637 654 aperit.
1728 567 2077 633 Hannibal
2108 584 2257 633 cum
2294 567 2595 651 pediturn
2630 588 2739 651 ag·-

553 678 726 740 mine
754 675 1134 757 ing-reditur,
1165 676 1436 757 equites
1467 674 1833 737 subsistere
1870 672 2101 754 jubet:
2156 679 2251 747 ut,
2284 690 2419 752 qno
2449 690 2553 735 res
2582 688 2739 753 pos-

553 776 737 853 tulet,
765 794 1104 840 occurrere
1125 776 1332 839 libero
1366 795 1609 860 campo
1638 781 1929 857 possent.
2020 773 2106 838 Et
2136 774 2563 836 Philemenus
2586 790 2741 855 por-

555 874 718 942 tnloe
748 885 939 960 parte
967 877 1158 954 ulia,⁸
1185 897 1322 961 qua
1352 897 1729 942 commeare
1761 885 2093 953 assuerat,
2124 875 2735 958 appropinquabat.

553 978 743 1043 Nota
787 997 923 1042 vox
971 976 1120 1060 ejus
1159 988 1228 1043 et
1275 978 1601 1042 familiare
1639 978 1786 1060 jam
1840 978 2097 1059 signum
2146 996 2297 1040 cum
2353 978 2734 1041 excitasset

551 1068 842 1156 vigilem,
875 1078 1167 1154 dicenti‚⁵
1213 1080 1327 1141 vix
1359 1078 1684 1141 sustinere
1729 1078 2001 1159 grandis
2052 1077 2294 1141 bestiae
2346 1096 2535 1153 onus,
2583 1094 2737 1159 por-

552 1178 689 1245 tula
719 1180 1032 1261 aperitur.
1108 1178 1478 1242 Inferentes
1511 1196 1741 1259 aprum
1774 1178 1942 1241 duos
1965 1178 2249 1261 juvenes
2280 1184 2553 1241 secutus
2582 1176 2735 1258 ipse

548 1298 700 1343 cum
733 1280 1050 1361 expedito
1081 1285 1418 1353 venatore,
1449 1280 1741 1361 vigilem,
1766 1280 2101 1343 incautius
2131 1278 2454 1342 miraculo
2488 1278 2731 1357 magni·

551 1380 802 1444 tudinis
831 1379 896 1441 in
927 1398 1066 1455 eos,
1087 1379 1209 1463 qui
1237 1380 1555 1456 ferebant,
1586 1399 1875 1455 versum,
1908 1381 2231 1445 venabulo
2260 1379 2529 1462 trajicit.
2621 1378 2733 1441 In·-

544 1481 754 1559 gressi
787 1477 1026 1541 deinde
1055 1481 1316 1561 triginta
1343 1480 1477 1543 sere
1505 1472 1745 1545 armati
1776 1489 2037 1545 ceteros
2063 1482 2291 1562 vigiles
2311 1480 2731 1552 obtruncant,

529 1578 1046 1673 *refringuntque
1100 1588 1359 1664 portam
1418 1582 1797 1664 proximam
1824 1580 1893 1643 :⁶
1936 1576 2005 1648 et
2056 1602 2287 1665 agmen
2348 1583 2475 1645 sub
2520 1580 2729 1659 signis

541 1678 887 1743 confestim
917 1680 1174 1763 irrupit.
1265 1681 1431 1745 Inde
1463 1702 1611 1746 cum
1646 1681 1914 1746 silentio
1948 1684 2015 1745 iu
2047 1684 2257 1747 sorum
2292 1682 2503 1757 ducti,
2532 1679 2731 1743 Han·

538 1779 748 1844 nibali
779 1800 931 1843 sese
961 1780 1470 1863 conjunxerunt.
1560 1780 1735 1845 Cum
1763 1782 2019 1844 duobus
2044 1781 2350 1857 millibus
2376 1780 2727 1844 Gallorum

538 1881 820 1956 PoenuS,
853 1882 919 1943 in
953 1888 1087 1945 tres
1119 1881 1356 1945 divisis
1385 1888 1635 1962 parte3‚
1678 1900 1801 1962 per
1830 1883 2056 1942 urbem
2106 1881 2377 1944 dimittit
2417 1881 2728 1943 Tarenti-

531 2000 676 2052 ηοε.
703 1986 770 2042 et
795 1982 1036 2045 itinera
1065 2000 1262 2061 quarn
1290 1982 1582 2044 maxime
1622 1981 1993 2062 frequentia
2011 1986 2034 2021 ⁷
2062 1998 2397 2061 occupare
2432 1979 2667 2060 jubet3
2696 1978 2725 2015 δ

533 2080 815 2144 tumultu
847 2089 1014 2156 orto,
1040 2079 1386 2143 Romanos
1410 2084 1662 2165 passim
1692 2081 1890 2158 caedi,
1916 2081 2270 2163 oppidanis
2302 2080 2513 2162 parci.
2558 2079 2723 2157 Sed,

531 2185 602 2243 nt
649 2181 793 2245 fieri
844 2182 914 2244 id
965 2188 1213 2264 posset,
1261 2182 1571 2264 praecipit
1610 2182 1974 2264 juvenibus
2018 2180 2421 2255 Tarentinis,
2468 2184 2568 2254 ut,
2608 2179 2722 2241 ubi

529 2302 732 2364 quem
764 2302 1029 2345 suorum
1058 2283 1288 2365 procul
1321 2284 1673 2359 vidissent,
1704 2284 2047 2365 quiescere
2076 2289 2145 2343 et
2174 2280 2392 2357 silere,
2419 2298 2501 2344 ac
2540 2281 2717 2343 bono

529 2382 750 2444 animo
771 2400 921 2443 esse
939 2380 1276 2463 juberent.

613 2482 718 2545 10.
759 2480 918 2545 Jam
950 2482 1277 2545 tumultus
1307 2488 1458 2545 erat
1485 2480 1893 2566 clamorque,
1946 2481 2165 2564 qualis
2211 2500 2360 2545 esse
2408 2482 2477 2546 iu
2516 2489 2717 2565 capta

523 2582 690 2645 urbe
721 2582 930 2647 solet:
977 2582 1121 2657 sed,
1151 2582 1317 2666 quid
1361 2582 1458 2646 rei
1491 2590 1690 2661 esset,
1720 2602 1916 2647 nemo
1959 2582 2127 2647 satis
2157 2600 2283 2665 pro
2315 2588 2495 2646 certo
2524 2584 2716 2646 scire.

523 2680 870 2747 Tarentini
901 2682 1248 2747 Romanos
1279 2681 1366 2746 ad
1397 2681 1835 2765 diripiendam
1861 2685 2091 2747 urbem
2124 2682 2389 2747 credere
2420 2690 2713 2747 coortos:

1440 2880 1709 2902 “0000000
1714 2880 1801 2901 eu

521 3006 732 3057 Gronov
737 3009 897 3055 .—6‘
916 3006 1114 3057 Dicenti
1129 3022 1160 3055 e
1183 3012 1232 3059 2.
1257 3008 1388 3057 Mun.
1413 3008 1587 3071 recepi
1611 3022 1725 3057 cnm
1747 3008 1947 3058 Stroth.
2015 3009 2077 3057 In
2099 3010 2213 3057 aliis
2236 3016 2318 3057 ent
2340 3010 2540 3072 dicente,
2574 3015 2631 3057 et
2656 3008 2707 3057 in

416 3089 426 3100 ·
519 3072 732 3135 reliquis
767 3072 903 3121 Edd.
940 3072 1178 3121 dicentis)
1209 3074 1427 3133 Rupert.
1431 3078 1527 3121 -6
1561 3073 1769 3121 Portam
1793 3072 2049 3119 maximam
2090 3072 2223 3120 Edd.
2263 3080 2383 3119 ante
2415 3073 2713 3121 Gronov„—

518 3138 550 3182 ⁷
579 3134 694 3183 Tum
716 3136 806 3183 duo
827 3134 978 3183 millia
999 3135 1243 3184 Gallorum
1270 3136 1481 3185 Poenus'
1463 3152 1516 3185 ut
1539 3140 1636 3183 tres
1655 3136 1812 3183 diuisa
1830 3140 2008 3197 partes,
2038 3149 2125 3197 per
2158 3134 2317 3184 urbem
2354 3136 2578 3184 dimittit.
2618 3136 2710 3184 Ta·

517 3200 726 3248 reatinos
743 3204 792 3248 et
817 3197 962 3257 Afros
975 3214 1114 3262 quam
1133 3200 1340 3249 mima
1348 3201 1625 3265 frequentia
1652 3198 1785 3248 Edd.
1804 3209 1929 3249 ante
1946 3200 2175 3250 Gronov.

1503 3386 1721 3437 NOTAE

513 3508 641 3546 vm.
664 3509 779 3557 cap.
801 3500 883 3546 28.
914 3496 973 3543 J.
998 3496 1227 3546 Clericus.
1648 3497 1835 3561 Polyb.
1882 3506 2034 3547 vocat
2066 3496 2197 3546 haue
2232 3496 2449 3545 alteram
2485 3503 2708 3560 portatu,

575 3582 597 3607 ¹¹
625 3572 838 3622 Adoreus
879 3570 967 3633 [ad
996 3572 1178 3634 portas]
1207 3572 1410 3636 ιορίιοο]
1443 3573 1564 3623 Non
1646 3588 1749 3636 qus
1772 3574 1948 3636 egredi
1984 3581 2040 3622 et
2076 3572 2279 3636 regredi
2318 3573 2495 3621 solitus
2527 3572 2707 3620 Phile-

509 3647 662 3696 video
699 3661 814 3711 quae
861 3648 945 3695 hie
967 3648 1188 3696 novandi
1235 3661 1388 3696 cauta
1427 3648 1562 3698 Gro·
1644 3663 1843 3710 menna,
1866 3649 2086 3698 Pontia.
2126 3648 2327 3698 Gaude
2346 3646 2554 3707 nichel.

507 3722 678 3772 novio.
741 3720 878 3771 Quid
915 3721 1051 3769 enirn
1101 3721 1258 3771 lubet
1299 3722 1560 3786 corrigen·
1704 3722 1727 3757 Ι)
1762 3725 1983 3774 Dimittit
2002 3722 2702 3783 Tarentim,erieinenqm

508 3796 650 3857 dum,
670 3795 804 3859 quod
837 3794 1030 3843 dieitur
1056 3798 1211 3858 Nico,
1247 3797 1441 3859 vigiles.
1477 3814 1558 3849 so·
1638 3800 1844 3849 maxime
1859 3798 2137 3861 frequentia
2172 3810 2393 3859 occupare
2426 3794 2579 3859 iubet]
2612 3796 2701 3847 Sic

506 3871 644 3937 pito·
683 3869 748 3919 ad
790 3876 986 3931 portas,
1037 3885 1103 3919 ex
1141 3872 1420 3935 improviso
1471 3875 1559 3923 ob·
1640 3874 1933 3922 emendavit
1968 3872 2197 3921 Gronov.
2231 3884 2299 3919 ex
2333 3870 2573 3934 Polybio.
2608 3872 2699 3936 qui

503 3946 810 3999 truncare?
847 3944 928 3993 An
951 3946 1132 3995 melius
1147 3960 1203 3995 ne
1225 3960 1308 3995 res
1329 3948 1559 4005 habebit,
1640 3948 1799 4011 vicos,
1840 3948 1929 4013 qui
1952 3946 2019 3995 ad
2040 3944 2207 3995 forum
2230 3944 2447 4004 ferrent,
2484 3962 2699 4010 expres·

501 4024 542 4072 ιΙ
567 4022 756 4087 legeris
771 4022 966 4069 adortus
977 4020 1154 4083 sopito·
1169 4022 1342 4082 vigile·
1353 4028 1376 4071 P
1405 4024 1558 4074 immo
1640 4026 1707 4074 sit
1726 4042 1741 4087 ς
1762 4024 1895 4090 quod
1910 4038 2004 4088 per
2022 4024 2212 4073 itinera
2228 4024 2447 4073 maxime
2456 4023 2699 4090 frequen·

503 4097 816 4148 redundabit
841 4096 1170 4160 participium
1203 4100 1399 4149 ador-tas
1419 4102 1472 4151 in
1495 4114 1558 4150 eo
1640 4101 1712 4150 tia
1738 4100 1952 4151 reddere
1974 4100 2102 4149 satis
2117 4098 2298 4149 habuit
2321 4100 2513 4150 Livius.
2562 4103 2696 4153 Qun

496 4174 586 4238 qut
609 4174 944 4225 obtruncasse
963 4182 1218 4223 narratur.
1638 4178 1721 4227 hie
1742 4176 1983 4239 Sigonius
2022 4174 2215 4239 suique
2258 4184 2577 4238 augura-atr
2613 4191 2693 4227 re·

563 4256 590 4285 ·
617 4249 836 4299 Por-tuta
863 4252 1002 4311 perte
1035 4248 1160 4315 alia]
1208 4249 1555 4315 Rhinopylm
1638 4252 1775 4305 ferre
1789 4264 2165 4316 supervacuum
2184 4250 2438 4302 ducimus.
