3159 4934
1141 401 1284 452 ωε.
1331 401 1554 450 xxvi.
1600 396 1763 449 oAr.
1806 386 1912 452 38.
2438 381 2611 450 2243

517 545 626 610 88.
675 545 1115 608 Hannibalem
1151 551 1304 609 ante
1331 547 1554 609 omnia
1586 544 1892 625 angebat,
1917 537 2095 625 quod
2124 521 2383 624 Capua,
2410 542 2611 622 perti-

432 649 672 710 nacius
701 653 1086 729 oppugnata
1113 649 1202 710 ab
1233 646 1815 729 Romanis,‘quam
1836 643 2115 708 defensa
2133 644 2221 706 ab
2248 661 2345 719 se,
2376 642 2611 706 multo·-

429 765 574 812 rum
606 747 830 812 Italiae
862 747 1264 830 populorum
1297 749 1559 812 animos
1598 753 1953 812 averterat:
2001 763 2171 828 quos
2212 762 2425 825 neque
2474 761 2610 806 om·

433 867 556 912 nes
584 855 806 912 tenere
835 849 1186 930 praesidiis,
1216 849 1346 911 nisi
1375 849 1578 912 vellet
1606 849 1675 910 in
1704 847 1953 910 multas
1976 859 2359 928 parvasque
2392 847 2611 924 partes

433 967 708 1032 carpere
737 949 1143 1026 exercitum,‘
1186 947 1366 1031 quod
1393 948 1666 1012 minime
1686 955 1826 1010 tum
1848 943 2283 1026 expediebat,
2316 948 2610 1024 poterat3

433 1067 583 1126 nec,
616 1048 927 1112 deductis
959 1031 1317 1130 praesidiis,
1345 1049 1491 1128 spei
1521 1041 1801 1111 liberam
1848 1047 1955 1110 vel
1992 1045 2353 1109 obnoxiam
2388 1044 2609 1107 timori

435 1150 772 1214 sociorum
800 1149 1176 1231 relinquere
1202 1147 1458 1211 iidem.¹⁸
1544 1147 1857 1229 Praeceps
1888 1147 1957 1209 in
1986 1144 2333 1209 avaritiam
2368 1151 2439 1207 et
2467 1162 2613 1207 cru-
2654 1179 2665 1188 ,

433 1249 773 1314 delitatem
801 1251 1060 1313 animus
1093 1249 1180 1313 ad
1202 1248 1578 1330 spolianda,
1610 1267 1765 1342 quae
1792 1248 1962 1311 tueri
1992 1246 2333 1328 nequibat,
2357 1252 2432 1308 ut
2461 1263 2613 1308 vas-

435 1356 577 1414 tata
603 1349 780 1414 hosti
811 1349 1348 1430 relinquerentur,
1379 1349 1745 1413 inclinavit.
1834 1346 1915 1411 Id
1960 1345 2211 1410 soedum
2262 1345 2611 1408 consilium

434 1467 588 1528 cum
617 1450 911 1532 incepto,
955 1456 1096 1513 tum
1125 1450 1328 1512 etiam
1370 1451 1558 1512 exitu
1605 1448 1749 1512 fuit.
1835 1447 2077 1530 Neque
2124 1447 2298 1508 enim
2345 1445 2617 1526 indigna

435 1551 834 1634 patientium
890 1547 1096 1612 modo
1175 1549 1715 1614 abalienabantur
1769 1547 1993 1623 animi,
2062 1547 2181 1610 sed
2250 1553 2614 1610 ceterorum

435 1653 656 1716 etiam.
744 1649 1026 1732 Quippe
1046 1647 1132 1713 ad
1156 1651 1376 1731 plures
1402 1648 1804 1730 exemplum,
1837 1665 2037 1730 quam
2068 1647 2435 1719 calamitas,
2468 1666 2617 1729 per-

436 1752 708 1815 tinebat.
800 1749 948 1814 Nec
967 1749 1204 1814 consul
1235 1748 1589 1818 Romanus
1618 1747 1957 1812 tentandis
1984 1747 2287 1820 urbibus,
2336 1745 2614 1838 sicunde

435 1871 596 1935 spes
649 1851 877 1933 aliqua
919 1869 995 1914 se
1046 1849 1473 1926 ostendisset,
1505 1849 1753 1912 deerat.
1843 1848 2133 1930 Salapiae
2180 1847 2517 1930 principes
2547 1867 2615 1911 e-

435 1961 583 2016 rant
617 1951 872 2015 Dasius
933 1959 1004 2014 et
1066 1951 1400 2015 Blattius:
1429 1955 1504 1997 ⁴·
1593 1949 1849 2014 Dasius
1906 1947 2273 2011 Hannibali
2306 1948 2564 2012 amicus
2594 1968 2615 2028 ς

438 2049 758 2126 Blattius,
787 2058 1110 2133 quantum
1142 2069 1230 2112 ex
1259 2057 1404 2113 tuto
1428 2055 1713 2131 poterat,
1742 2067 1877 2112 rem
1909 2047 2287 2112 Romanam
2321 2045 2615 2124 fovebat,

437 2159 508 2214 et
539 2169 660 2231 per
686 2150 991 2214 occultos
1021 2150 1289 2213 nuntios
1335 2167 1518 2230 spem
1561 2148 1953 2231 proditionis
1978 2147 2225 2211 fecerat
2254 2146 2617 2223 Marcello;

437 2249 557 2313 sed
585 2251 732 2314 sine
753 2249 1063 2332 adjutore
1093 2249 1312 2312 Dasio
1343 2267 1452 2312 res
1483 2249 1760 2328 transigi
1787 2266 1919 2310 non
1951 2253 2235 2329 poterat.
2324 2245 2616 2310 Multum

440 2369 522 2415 ac
552 2351 668 2414 diu
699 2355 1062 2425 cunctatus,
1094 2356 1162 2414 et
1191 2360 1330 2414 tum
1369 2367 1637 2439 qnoque
1669 2349 1883 2430 mag-is
1928 2347 2160 2430 inopia
2202 2347 2466 2411 consilii
2495 2367 2619 2430 po-

438 2451 652 2528 tioris,
681 2469 882 2534 quam
913 2469 1034 2532 spe
1056 2449 1345 2528 effectus,
1378 2435 1667 2514 Dasium
1697 2449 2110 2532 appellabat.
2172 2447 2265 2510 At
2288 2449 2422 2524 ille,
2463 2467 2616 2512 cum

441 2552 528 2616 ab
547 2571 618 2616 re
643 2569 940 2628 aversus,
971 2558 1112 2614 tum
1155 2550 1402 2614 aemulo
1433 2555 1825 2633 potentatus
1864 2549 2219 2622 inimicus:
2260 2566 2395 2611 rem
2427 2546 2618 2611 Han·

437 2653 640 2717 nibali
669 2654 900 2736 aperit.
986 2651 1329 2716 Arcessito
1357 2646 1668 2734 utroque,
1703 2647 2046 2714 Hannibal
2073 2667 2225 2712 cum
2258 2669 2380 2731 pro
2412 2647 2618 2714 tribu·

441 2753 577 2818 nali
599 2753 909 2836 quaedam
939 2758 1180 2832 ageret,
1210 2769 1371 2816 mox
1403 2750 1484 2832 de
1515 2750 1768 2814 Blattio
1800 2749 2207 2828 cogniturus,
2238 2752 2618 2830 starentque

442 2857 772 2918 summoto
801 2851 1050 2935 populo
1081 2835 1430 2916 accusator
1455 2855 1522 2914 et
1545 2870 1736 2914 reus:
1784 2849 2078 2914 Blattius
2113 2847 2195 2910 de
2238 2848 2617 2930 proditione

442 2953 726 3020 Dasium
754 2952 1182 3035 appellabat!
1217 2957 1237 2986 ‘
1258 2950 1659 3029 Enimvero,’
1682 2951 1816 3030 ille,
1857 2951 2126 3014 velutin
2144 2949 2501 3014 manifesta
2525 2971 2617 3027 re,

443 3051 800 3128 exclamat,
823 3059 844 3087 ‘
864 3054 989 3117 sub
1019 3053 1240 3116 oculis
1273 3053 1673 3118 Hannibalis
1692 3072 1917 3118 secum
1950 3050 2033 3114 de
2060 3049 2439 3132 proditione
2468 3048 2618 3133 agi!

445 3152 813 3219 Hannibali
839 3162 1042 3238 atque
1071 3154 1193 3231 eis,
1211 3154 1325 3237 qui
1357 3152 1651 3230 aderant,
1670 3171 1804 3234 quo
1822 3151 2139 3216 audacior
2172 3169 2279 3214 res
2310 3157 2468 3223 erat,
2498 3153 2619 3216 mi-

508 3348 536 3440 :
561 3348 736 3458 giam
753 3349 984 3459 :lm
1001 3407 1171 3464 sime,
1192 3413 1278 3456 aut
1302 3406 1497 3482 liberum
1522 3419 1727 3462 manere,
1757 3409 1811 3453 at
1842 3406 1966 3454 unde
1985 3405 2193 3456 melioris
2212 3403 2493 3455 conditionis
2511 3417 2616 3466 spes

443 3473 780 3536 ostenderetur,
802 3489 854 3522 eo
873 3487 926 3521 se
943 3476 1146 3520 verteret
1157 3487 1177 3527 ,-
1209 3476 1292 3519 ant
1313 3471 1544 3532 trepidum
1565 3475 1690 3518 mnu
1711 3469 2000 3518 {andnemu
2018 3470 2077 3518 σὺ
2096 3470 2306 3518 hostibus
2322 3469 2541 3534 peduli-

506 3542 534 3566 a
565 3537 636 3584 Et
653 3535 833 3585 alienus
849 3537 909 3585 ab
928 3550 981 3584 eo
995 3535 1204 3597 consilio,
1220 3539 1268 3583 et
1288 3533 1498 3592 infensus
1519 3533 1687 3582 ma‘o
1706 3534 1873 3581 amulo
1891 3533 2118 3595 potentie
2138 3534 2190 3584 ia
2209 3534 2421 3595 civitate,
2439 3534 2522 3595 dfe.

508 3607 535 3640 ¹
567 3599 846 3651 Solicitnbut
869 3601 1074 3650 Dasium
1096 3599 1159 3647 ad
1172 3599 1460 3662 prodendum
1483 3597 1713 3647 Roma
1732 3597 1965 3659 miduni-

509 3887 546 3932 4
577 3883 592 3911 ⁶
615 3882 830 3931 Blattius
869 3882 970 3931 Mo.
1010 3883 1150 3932 Flor.
1188 3887 1242 3930 et
1273 3880 1395 3932 Put.
1460 3881 1525 3930 In
1567 3879 1681 3929 aliis
1716 3877 1865 3927 libris
1896 3877 2093 3927 Blattius
2142 3876 2228 3941 (ut
2260 3892 2347 3940 ap.
2373 3877 2624 3942 Appian.)

449 3946 685 4001 mantin,
713 3947 932 3996 Blucium·
963 3946 1100 4010 apud
1136 3946 1312 3996 Valer-
1343 3945 1538 3994 Blucium
1571 3952 1625 3994 et
1664 3943 1900 3992 Blassius.
1969 3939 2053 3992 ef.
2076 3913 2240 3992 firon-
2265 3940 2415 3992 Olm.
2442 3956 2519 3992 ιν.
2542 3946 2621 3991 ll.

869 4117 886 4136 ι
1427 4085 1645 4136 NOTAE

511 4191 533 4216 ε
569 4183 789 4232 Blattius
829 4181 1156 4248 [Biatia-5111:
1175 4181 1386 4246 seriptis
1401 4180 1621 4250 Blattius
1644 4187 1893 4234 vocatura
1926 4186 1983 4232 et
2006 4176 2245 4244 Appiano
2268 4175 2489 4232 marm.
