3159 4934
541 396 715 463 1970
1473 409 1545 459 τ.
1596 407 1785 457 mvn

545 556 804 637 quanta
848 550 1260 631 indulgentia
1309 550 1719 618 Hannibalis
1770 551 1973 618 etiam
2018 552 2089 615 in
2141 552 2453 633 captivos
2502 568 2733 616 ornnes

547 654 768 721 Italici
813 652 1101 717 nominis
1139 653 1402 731 fuisset,
1443 654 1772 719 Punicam
1818 652 2148 717 Romana>
2194 652 2589 718 societatem
2633 660 2737 717 at·

545 775 681 839 que
710 753 1080 820 amicitiam
1110 755 1613 838 praeoptandam
1640 774 1811 819 esse.
1898 754 1975 818 Si
2006 755 2204 819 ambo
2232 754 2541 819 consules
2580 774 2736 820 cum

546 857 688 920 suis
729 855 1142 920 exercitibus
1171 855 1258 921 ad
1286 855 1538 921 Nolam
1575 860 1828 933 essent,
1860 861 2081 919 tamen
2108 875 2240 919 non
2270 856 2487 937 magis
2532 874 2737 939 pares

549 956 918 1021 Hannibali
957 956 1238 1035 futuros,
1269 978 1472 1042 quam
1497 958 1587 1024 ad
1608 956 1881 1022 Cannas
1910 956 2232 1022 fuissentz
2285 958 2533 1021 nedum
2564 974 2735 1041 prae-

459 1066 468 1073 “
547 1067 653 1123 tor
709 1078 908 1136 nnus,
955 1078 1108 1126 cum
1166 1063 1405 1143 paucis
1462 1069 1530 1126 et
1583 1060 1779 1125 novis
1829 1059 2179 1138 militibus,
2232 1058 2488 1124 Nolam
2539 1058 2739 1124 tutari

546 1160 791 1242 possit.
879 1159 1212 1243 Ipsorum,
1243 1170 1488 1245 quam⁷
1521 1161 1983 1239 Hannibalis,¹’
2020 1162 2366 1238 interesse,
2410 1167 2610 1244 capta
2654 1178 2741 1225 an

547 1262 794 1325 tradita
843 1262 1030 1327 Nola
1071 1264 1422 1345 potiretur.
1527 1263 1909 1327 Petitarum
1948 1263 2145 1342 enim,
2182 1267 2260 1326 ut
2306 1261 2541 1345 Capua
2587 1260 2737 1325 Nu·

550 1362 858 1447 ceriaque
885 1366 1140 1447 potitus
1169 1374 1385 1431 esset:
1437 1363 1979 1447 sed,¹quid·inter
2006 1362 2267 1447 Gapuae
2298 1364 2366 1429 N
2372 1362 2742 1446 ucerioeque

547 1463 870 1529 fortunam
889 1472 917 1512 ‘³
955 1465 1328 1541 interesset,
1357 1466 1548 1549 ipsos
1592 1484 1806 1549 prope
1843 1466 1913 1529 in
1958 1466 2179 1530 medio
2222 1467 2389 1531 sitos
2430 1463 2741 1529 Nolanos

547 1565 740 1630 scire.
829 1565 1035 1631 Nolle
1073 1567 1376 1645 ominari,
1407 1586 1560 1651 quae
1592 1572 1811 1651 captae
1842 1568 1991 1633 urbi
2022 1586 2294 1632 cessura
2320 1567 2571 1631 forent:
2623 1564 2743 1629 sed

547 1666 781 1749 potius
829 1664 1182 1749 spondere,
1225 1668 1286 1731 si
1333 1666 1737 1733 Marcellum
1781 1688 1935 1733 eum
1985 1668 2310 1752 praesidio
2354 1687 2436 1733 ac
2489 1666 2742 1732 Nolam

549 1767 1010 1846 tradidissent,
1055 1768 1376 1832 nemine-
1423 1768 1656 1844 alium,
1706 1788 1905 1850 quam
1958 1768 2169 1851 ipsos,
2214 1771 2446 1851 legem,
2496 1786 2632 1850 qua
2676 1769 2744 1830 in

550 1869 938 1933 societatem
965 1869 1466 1953 amicitiamque
1497 1870 1905 1933 Hannibalis
1942 1872 2262 1946 venirent,
2290 1864 2659 1932 dicturum-⁹

633 1970 748 2034 44.
788 1966 902 2033 Ad
935 1988 1017 2035 ea
1049 1968 1432 2034 Herennius
1463 1968 1729 2033 Bassus
1752 1968 2133 2051 respondit:
2186 1976 2207 2005 ‘
2238 1966 2503 2031 Multos
2532 1984 2743 2031 annos

539 2071 683 2155 jam
715 2070 876 2135 inter
904 2068 1288 2135 Romanum
1317 2067 1793 2152 Nolanumque
1822 2069 2147 2152 populum
2174 2070 2539 2135 amicitiam
2570 2086 2745 2147 esse,

552 2170 752 2255 cujus
791 2178 1067 2237 neutros
1107 2170 1193 2235 ad
1224 2189 1378 2235 eam
1408 2170 1582 2235 diem
1615 2172 1945 2253 poenitere
1965 2189 1986 2251 ς
2004 2170 2031 2209 ⁸
2084 2178 2156 2235 et
2182 2172 2313 2236 sibi
2345 2172 2406 2235 si
2434 2188 2587 2236 cum
2614 2170 2745 2235 for-

553 2281 714 2340 tuna
762 2270 1086 2338 mntanda
1135 2271 1304 2339 fides
1355 2272 1596 2350 fuerat,
1640 2280 1835 2335 sero⁹
1874 2272 2018 2355 jam
2073 2292 2229 2337 esse
2272 2282 2526 2337 mutare
2568 2290 2745 2338 eam.

553 2373 908 2439 Dedituris
947 2392 1022 2439 se
1049 2373 1430 2443 Hannibali
1461 2386 1595 2440 non
1624 2370 1833 2437 fuisse
1850 2374 2329 2438 arcessendum
2364 2372 2743 2439 Romanum

555 2474 979 2557 praesidium:
1026 2490 1177 2541 cum
1229 2476 1342 2552 iis,
1379 2474 1495 2558 qui
1543 2474 1633 2539 ad
1675 2492 1755 2539 se
1782 2474 2077 2538 -tuendos
2102 2475 2477 2550 venissent,
2518 2478 2745 2541 omnia

555 2576 687 2641 sibi
730 2584 802 2639 et
845 2596 1000 2641 esse
1037 2576 1447 2654 consociata,
1477 2585 1550 2641 et
1589 2575 1677 2640 ad
1714 2574 2017 2641 ultimum
2056 2574 2241 2640 sore!
2326 2576 2489 2642 Hoc
2534 2577 2742 2641 collo·

551 2675 780 2761 quium
832 2680 1113 2745 abstulit
1163 2698 1354 2761 spem
1411 2676 1787 2743 Hannibali
1834 2696 1955 2761 per
1998 2676 2451 2761 proditionem
2502 2680 2747 2761 recipi·

556 2778 740 2846 endae
787 2779 858 2847 N
862 2780 1012 2847 olae.
1103 2782 1338 2864 Itaque
1363 2780 1717 2864 -oppidum
1752 2798 2001 2844 corona
2028 2779 2501 2864 circumdedit,
2544 2786 2618 2843 ut
2658 2780 2748 2843 si-

556 2880 694 2947 mul
721 2883 808 2946 ab
841 2884 1020 2947 omni
1049 2888 1232 2965 parte
1263 2883 1512 2949 moenia
1540 2880 2031 2964 aggrederetur.
2122 2880 2347 2958 Quem
2374 2888 2451 2946 ut
2478 2897 2747 2945 succes·

481 3014 495 3022 α
558 2983 730 3045 sisse
775 2984 980 3047 muris
1025 2982 1390 3050 Marcellus
1428 2982 1617 3060 vidit,
1667 2983 1995 3048 instructa
2042 2984 2210 3049 intra
2257 2992 2523 3066 portam
2576 2984 2745 3060 acie,

558 3102 712 3146 cum
745 3102 980 3166 magno
1006 3084 1292 3148 tumultu
1321 3084 1567 3166 erupit.
1633 3082 1917 3167 Aliquot
1941 3084 2155 3166 primo
2182 3084 2433 3168 impetu
2464 3084 2749 3165 perculsi

559 3185 854 3268 caesique
876 3191 1078 3266 sunt3
1123 3184 1300 3263 dein,
1331 3202 1667 3249 concursu
1697 3184 1785 3249 ad
1809 3191 2178 3268 pugnantes
2206 3184 2455 3250 facto¹⁰
2478 3192 2500 3221 ‘
2522 3202 2751 3267 aequa-

1475 3364 1681 3385 Μθυ
1686 3364 1837 3387 ‘Um

555 3487 590 3531 6
625 3484 831 3533 Herium
854 3482 1068 3531 Pettium
1088 3482 1218 3533 Mus.
1253 3483 1476 3532 Petrinum
1497 3481 1633 3533 Edu:
1659 3486 1889 3533 ηοω-7
1918 3488 1935 3512 ·
1960 3482 2023 3531 In
2048 3479 2184 3531 Edd.
2206 3494 2237 3529 a
2260 3479 2501 3543 Mogunt.
2525 3476 2591 3527 ad
2615 3476 2751 3527 Gro-

558 3562 677 3597 nov.
701 3562 800 3596 uon
823 3548 873 3595 in
899 3547 1072 3611 primis
1096 3556 1151 3597 et
1174 3548 1225 3595 in
1249 3548 1378 3598 Mus.
1409 3547 1565 3609 magis
1585 3556 1705 3597 ante
1727 3562 1867 3611 quam
1889 3545 2175 3595 insertum.'
2202 3545 2405 3609 Rupere.

1547 3690 1767 3743 1401·AE

626 3796 653 3831 ι»
673 3788 908 3851 Ipsorum,
929 3785 1134 3849 [negiu]
1147 3802 1290 3850 quam
1301 3787 1619 3853 Hannibalis]
1700 3789 1991 3843 trandent.
2030 3792 2089 3836 et
2130 3784 2237 3835 suls
2270 3781 2471 3845 legibus
2502 3778 2751 3833 utebatur

560 3862 626 3913 ‘rb
657 3863 813 3923 mgis
844 3862 992 3911 abest
1030 3862 1094 3910 ab
1123 3862 1329 3924 optimis
1351 3864 1522 3914 libris:
1558 3864 1619 3913 il·
1696 3878 1853 3927 suprn
1872 3877 1921 3913 e.
1942 3867 1993 3913 7.
2048 3860 2277 3911 Nuceria
2298 3855 2435 3907 fame
2458 3858 2509 3905 ln
2532 3856 2753 3908 deditio-

561 3938 756 4002 ludque
780 3935 1080 3985 adverbium
1114 3944 1170 3983 et
1203 3937 1398 3987 Noster
1419 3947 1476 3989 et
1503 3938 1618 4003 ejus
1698 3952 1815 3987 nem
1849 3942 2091 4000 accepta,
2112 3934 2325 3998 direpta
2355 3940 2509 3997 atque
2542 3934 2753 3983 incensa

563 4013 849 4063 imitatione
869 4010 1086 4061 'Punicus
1113 4025 1469 4075 smpennmero
1488 4028 1618 4079 neg·
1692 4012 1865 4074 fuerat
1884 4028 2003 4077 cup.
2028 4018 2106 4063 16.

563 4092 729 4153 lignun
754 4089 806 4137 in
829 4088 1212 4151 comparatione
1233 4102 1422 4139 rernm.
1758 4099 1783 4127 τ
1810 4092 1961 4147 Dein,
1976 4102 2209 4139 comm
2229 4088 2294 4137 ed
2312 4091 2577 4151 pugnate·
2606 4086 2753 4150 [m-

629 4173 656 4208 «ι
687 4165 822 4213 Inter
838 4164 1016 4225 Capua
1033 4162 1618 4231 Nuceriaequaefoema]
1698 4167 1835 4231 aaa]
1856 4166 2022 4229 scoto]
2058 4166 2241 4216 Potest
2256 4178 2423 4229 pue-u
2444 4164 2527 4213 vel
2546 4162 2615 4213 de
2636 4164 2753 4213 loco

564 4242 744 4304 Capua
787 4238 982 4289 foedere
1027 4237 1080 4287 in
1119 4246 1295 4303 perte·
1337 4241 1618 4293 Poenerum
1696 4255 1887 4307 pugno
1904 4238 2093 4305 accipi,
2110 4238 2195 4291 vel
2208 4238 2275 4289 de
2292 4238 2459 4290 animo
2474 4235 2757 4304 pugnandi,
