3159 4934
545 382 720 449 2836
1490 399 1560 449 τ.
1609 398 1805 447 mvn

550 542 775 606 omnia
803 542 1282 624 comparuisse,
1321 558 1472 625 quoe
1517 543 1832 619 assolent,
1868 549 2149 607 auctum
2184 543 2387 608 etiam
2420 545 2637 610 visum
2668 544 2737 609 in

551 643 776 725 capite
796 640 854 707 :¹²
903 660 1028 706 nec
1057 642 1128 706 id
1171 662 1334 707 sane
1375 642 1721 725 haruspici
1754 642 2117 725 placuisse,
2158 645 2343 727 quod
2370 648 2735 711 secundum

550 750 784 809 trunca
809 750 878 810 et
907 746 1130 830 turpia
1155 754 1320 809 exta
1347 744 1545 809 nimis
1577 745 1739 809 laeta
1770 747 2261 827 apparuissent.

635 846 744 911 27.
789 845 1096 911 Ceterum
1117 848 1459 911 consulem
1489 846 1880 911 Marcellum
1906 854 2090 910 tanta
2112 846 2451 930 cupiditas
2472 856 2522 897 ¹⁷
2554 858 2739 913 tene-

551 948 668 1011 bat
723 946 1086 1011 dimicandi
1138 968 1293 1011 curn
1345 947 1756 1024 Hannibale,
1798 956 1875 1011 ut
1918 967 2259 1031 nunquam
2302 949 2475 1012 satis
2522 959 2739 1015 castra

551 1050 788 1114 castris
817 1050 1068 1114 collata
1092 1050 1406 1113 crederet.
1519 1048 1689 1112 Tum
1722 1068 1989 1132 quoque
2018 1050 2197 1113 vallo
2228 1052 2575 1132 egrediens
2600 1052 2741 1135 sig·-

551 1170 708 1215 num
741 1152 946 1228 dedit,
977 1158 1052 1215 ut
1081 1152 1166 1215 ad
1195 1152 1414 1215 locum
1445 1151 1639 1215 miles
1656 1157 1841 1215 esset
1867 1151 2223 1234 paratus‚¹⁸
2248 1159 2271 1187 ⁰
2310 1161 2409 1229 ut,
2432 1154 2491 1215 si
2522 1154 2741 1231 colliS,

553 1252 623 1319 in
671 1273 870 1336 quem
917 1253 1344 1337 speculatum
1391 1254 1585 1327 irent,
1625 1252 2016 1336 placuisset,
2046 1270 2213 1317 vasa
2242 1254 2624 1336 colligerent
2652 1274 2734 1319 ac

557 1361 1008 1437 sequerentur.
1083 1356 1422 1437 Exiguum
1477 1354 1701 1435 campi
1750 1363 1909 1419 ante
1952 1364 2183 1419 castra
2224 1362 2410 1419 erat:
2470 1356 2623 1419 inde
2668 1358 2737 1419 in

555 1456 794 1519 collem
825 1464 1060 1537 aperta
1093 1456 1390 1537 undique
1420 1464 1489 1520 et
1519 1464 1879 1537 conspecta
1908 1454 2165 1527 ferebat
2196 1456 2329 1519 via.
2420 1455 2741 1521 Numidis

554 1558 957 1641 speculator,
1005 1576 1425 1641 nequaqnam
1476 1559 1540 1620 in
1596 1576 1785 1639 spem
1836 1564 2033 1621 tantae
2078 1559 2173 1621 rei
2196 1553 2224 1592 ‘¹
2274 1559 2571 1639 positae,
2626 1560 2743 1622 sed

557 1660 620 1723 si
648 1678 826 1741 quos
854 1678 1088 1742 vagoS‚
1141 1661 1366 1742 pabuli
1395 1668 1516 1723 aut
1539 1660 1863 1741 lignorum
1896 1678 2105 1724 causa
2134 1661 2403 1741 longius
2432 1680 2475 1723 a
2505 1662 2745 1724 castris

553 1780 970 1845 progressoS,
999 1769 1273 1844 possent
1299 1762 1633 1843 excipere,
1664 1762 1925 1841 signum
1956 1760 2093 1837 dat,
2115 1766 2189 1825 ut
2211 1762 2465 1844 pariter
2486 1763 2575 1825 ab
2598 1762 2745 1825 suis

559 1865 846 1946 quisque
893 1863 1168 1927 latebris
1211 1863 1704 1927 exorirentur.¹⁹
1788 1861 1953 1925 Non
1993 1868 2143 1925 ante
2178 1881 2568 1945 apparuere,
2598 1862 2744 1943 qui·

557 1967 686 2029 bus
711 1966 932 2029 obviis
961 1966 1046 2029 ab
1065 1964 1232 2048 jugo
1255 1966 1446 2047 ipso*
1485 1964 2019 2045 consurgendum
2040 1970 2200 2039 erat,
2230 1982 2429 2045 quam
2460 1952 2746 2028 circum-

557 2066 724 2143 iere,
773 2068 892 2150 qui
938 2086 983 2130 a
1031 2076 1216 2147 tergo
1251 2065 1671 2131 includerent
1686 2072 1744 2102 ²⁰
1782 2065 1983 2129 viam.
2066 2065 2247 2129 Tum
2276 2064 2575 2148 undique
2602 2084 2749 2129 orn·

558 2186 678 2235 nes
707 2170 952 2249 exorti,
971 2173 1039 2232 et
1066 2168 1360 2233 clamore
1383 2166 1655 2231 sublato
1682 2168 2007 2249 impetum
2038 2166 2281 2231 fecere.
2365 2166 2540 2233 Cum
2570 2166 2640 2230 in
2664 2186 2749 2231 ea

559 2272 734 2335 valle
765 2270 1076 2334 consules
1105 2277 1352 2343 essent,
1381 2276 1464 2333 ut
1487 2287 1705 2352 neque
1732 2268 2017 2333 evadere
2044 2275 2063 2307 ¹
2106 2274 2391 2351 possent
2418 2268 2489 2331 in
2510 2268 2747 2352 jugum

563 2380 972 2453 occupatum
1021 2371 1110 2434 ab
1156 2369 1370 2445 hoste,
1411 2388 1536 2433 uec
1581 2378 1921 2452 receptum
1968 2371 2057 2435 ab
2094 2376 2277 2452 tergo
2317 2372 2751 2434 circumventi

561 2470 930 2551 haberent3
976 2470 1238 2535 extrahi
1302 2477 1528 2535 tamen
1583 2469 1835 2533 diutius
1896 2476 2229 2535 certarnen
2278 2472 2633 2554 potuisset,
2680 2472 2751 2536 ni

627 2645 650 2669 r
682 2636 766 2687 Illi
786 2638 866 2702 qui
887 2652 1166 2701 consurgere
1186 2638 1410 2687 debebunt
1432 2653 1462 2685 u
1482 2636 1678 2699 vertice,
1693 2642 1746 2685 ut
1766 2636 1952 2686 obviam
1970 2636 2093 2687 irent
2116 2638 2339 2688 hostibus.

1476 2778 1837 2813 oeaemoyoee

631 2888 692 2935 17
727 2884 844 2933 Vet-
869 2882 958 2932 lib.
979 2896 1074 2946 pro
1107 2881 1342 2945 cupidita
1359 2880 1556 2930 liabent
1590 2881 1774 2943 cupido.
1840 2882 1967 2933 Mox
1990 2895 2085 2944 pro
2104 2882 2335 2945 mederet,
2352 2881 2516 2933 Gron.
2542 2882 2759 2945 Donjst.

566 2950 719 2999 Crev-
751 2948 940 2997 liabent
970 2947 1190 3002 duceren-
1213 2952 1267 2995 et
1288 2946 1408 2993 olim
1433 2945 1708 3009 legebatur
1734 2944 2059 2995 ‹liceret—18
2084 2948 2099 2973 ‘
2124 2944 2187 2995 Ut
2212 2948 2273 2995 ad
2296 2948 2444 2994 locum
2476 2945 2613 2995 miles
2630 2952 2754 2995 esset

559 3012 843 3077 pumtus,l1.
860 3027 905 3060 e.
923 3010 986 3059 ad
1007 3018 1245 3072 teinpus;
1287 3010 1494 3073 Doujut.
1545 3010 1741 3071 statim,
1760 3009 2259 3073 quantocius,illico;
2278 3011 2431 3059 Crev.
2452 3017 2503 3058 ut
2524 3012 2587 3059 ad
2598 3024 2761 3072 specu·

566 3079 758 3125 landum
791 3074 926 3123 utiles
957 3086 999 3121 e.
1020 3087 1087 3136 p..
1107 3078 1154 3122 et
1176 3073 1223 3121 si
1244 3082 1349 3122 cet.
1373 3074 1577 3122 emend.
1615 3074 1772 3122 Doer.
1834 3072 1992 3123 Forte
2029 3074 2131 3135 leg.
2165 3076 2226 3121 ud
2264 3080 2459 3133 notum,
2482 3075 2545 3121 sd
2585 3082 2759 3125 castra

566 3138 838 3199 movenda,
859 3146 949 3187 aut
967 3139 1032 3187 sd
1045 3142 1229 3197 nutum,
1247 3151 1322 3186 sc.
1344 3138 1494 3186 militi
1519 3137 1766 3201 dandum,
1780 3137 1825 3185 si
1842 3137 1978 3187 collis
1994 3137 2266 3200 placuisset,
2286 3138 2411 3187 sutis
2434 3148 2761 3201 opportunus

567 3204 666 3253 sibi
689 3201 828 3251 visus
851 3201 1023 3251 esset)
1057 3202 1261 3264 Rupert-
1327 3202 1454 3251 Mox
1470 3206 1522 3251 ut
1547 3202 1650 3250 del.
1676 3202 1839 3252 Gron.
1862 3203 2211 3265 Doujate-lss
2245 3201 2367 3251 Put.
2389 3200 2504 3250 Pal.
2524 3204 2678 3253 Voss.
2699 3206 2761 3253 αδ

567 3268 782 3329 utrisque
821 3264 1048 3315 lateribus
1077 3270 1528 3316 amentum—20
1566 3268 1585 3295 ⁸
1605 3267 1907 3316 Ineluderent
1940 3281 2014 3315 sc.
2046 3266 2319 3328 Numidam
2354 3280 2447 3329 pro
2470 3268 2761 3316 includerent

568 3332 621 3381 in
665 3332 969 3399 quibusdum
995 3330 1113 3380 libr.
1137 3338 1265 3380 vett.
1295 3330 1679 3386 intercluderent,
1702 3333 1793 3380 sed
1827 3332 2062 3381 includere
2096 3332 2283 3394 passim
2325 3345 2418 3394 pro
2452 3332 2761 3381 intmludere

569 3398 692 3462 poni
715 3398 846 3446 solet
868 3411 883 3456 3
912 3396 1014 3443 viil.
1037 3395 1269 3445 Gronov.
1295 3402 1350 3444 et
1371 3395 1636 3445 Drakenb.
1658 3410 1801 3459 supr.
1824 3394 1885 3443 ad
1918 3397 2191 3459 xxvi-5.§
2215 3394 2313 3445 113
2336 3396 2659 3458 Durium—1
2690 3396 2761 3445 Ue

1555 3521 1766 3573 NOTAE

581 3608 588 3615 ’
634 3622 658 3657 ¹³
689 3624 898 3674 Auel-m
917 3624 1060 3671 etiam
1075 3621 1230 3671 visum
1249 3620 1302 3670 in
1322 3618 1502 3684 capite]
1537 3621 1625 3671 In·
1711 3618 1817 3669 Hic
1838 3620 2178 3683 quoquelocus
2199 3632 2293 3682 pro
2317 3625 2567 3680 tempore.

571 3702 716 3753 dicat
745 3686 1079 3765 jecur'majus
1099 3699 1248 3747 solito
1274 3712 1448 3747 versus
1469 3704 1626 3761 caput
1769 3694 1793 3729 ⁴¹
1818 3696 2124 3759 Nequaquam
2140 3696 2191 3744 iu
2206 3710 2334 3759 spem
2350 3700 2502 3745 tanta
2516 3696 2611 3759 rei]
2632 3696 2757 3758 Spe·

573 3778 891 3842 apparuisse,
921 3775 1056 3839 quod
1079 3773 1266 3824 clarius
1289 3775 1500 3824 tradunt
1521 3775 1625 3823 Vs·
1706 3780 1911 3822 raverat
1932 3772 2214 3831 Hannibal,
2254 3772 2458 3833 ipsique
2500 3770 2761 3833 Numida,

572 3855 666 3905 ler.
690 3854 835 3902 Max.
858 3865 897 3900 ι.
915 3855 965 3901 6.
989 3850 1073 3903 ubi
1091 3858 1249 3913 caput
1263 3849 1512 3912 jecinoris
1529 3851 1624 3899 du·
1704 3850 1844 3899 hisce
1874 3849 2075 3898 insidiis
2110 3847 2469 3897 circumveniri
2506 3862 2654 3911 posse
2690 3849 2761 3895 le·

571 3932 696 3997 plex
721 3930 795 3979 ait
815 3926 990 3989 fuisse,
1010 3936 1064 3977 et
1085 3926 1228 3977 Plut.
1251 3926 1446 3989 grande
1465 3941 1627 3989 supra
1706 3926 1931 3989 gionem,
1973 3932 2257 3974 turonumve
2297 3923 2521 3987 aliquam
2560 3930 2763 3973 tantum

571 4009 812 4059 modum:
846 4003 1094 4068 additque
1133 4002 1254 4051 ideo
1297 4001 1627 4065 displicuisse
1705 4002 1968 4051 exercitus
2023 3999 2261 4061 Romani,
2318 4012 2419 4047 non
2462 3998 2558 4049 sub
2602 3998 2763 4049 icium

573 4081 948 4145 haruspicibus,
991 4077 1124 4143 quod
1169 4079 1504 4128 mutationem
1548 4078 1626 4127 in·
1708 4087 1951 4129 venturos
1996 4076 2231 4127 consules
2290 4076 2451 4138 ipsos,
2502 4084 2557 4124 et
2602 4086 2765 4123 cerm

580 4168 787 4223 gentem
811 4154 1200 4219 portenderent.
1708 4156 1862 4205 morti
1894 4168 2007 4205 sese
2028 4151 2351 4218 objecturum
2372 4150 2701 4203 Marcellum.

641 4230 1627 4294 evindicavimus-nemum]
