3159 4934
1112 447 1258 497 ms.
1307 446 1557 499 xxvn.
1608 449 1771 499 est.
1810 434 1923 499 29.
2430 432 2601 528 2:341

423 596 559 659 lum
589 594 916 659 tribunum
947 593 1230 658 militum
1249 602 1276 641 ‘¹
1305 592 1675 659 Venusiam
1708 594 2037 660 abducere
2057 592 2109 633 ¹⁶
2129 594 2357 677 jussit.
2412 594 2602 677 Ipse,

425 718 572 761 cum
603 698 979 776 legionibus
1009 697 1156 759 suis
1185 694 1490 778 Capuam
1521 694 1893 778 profectuS,
1936 697 2053 759 vix
2103 696 2363 761 lecticae
2394 698 2604 779 agita-

424 802 672 861 tionem
701 817 838 881 proe
873 797 1194 879 gravitate
1226 799 1564 863 vulnerum
1599 798 1881 879 patiens,
1936 797 2225 861 Romam
2267 798 2495 862 literas
2519 800 2607 864 de

423 907 637 964 morte
665 901 940 981 collegae
969 898 1263 981 scripsit,
1303 905 1681 981 quantoque
1708 899 1859 981 ipse
1887 899 1957 963 in
1988 898 2365 963 discrimine
2404 908 2608 965 esset.

424 1004 444 1033 ‘
465 1000 558 1065 Se
599 1001 1018 1065 comitiorum
1055 1018 1263 1065 causa
1295 1017 1428 1061 non
1455 1019 1655 1081 posse
1688 999 1976 1063 Romam
2006 1001 2257 1074 venire,
2288 1001 2453 1083 quia
2481 1020 2607 1066 nec

423 1102 556 1165 viae
584 1102 873 1166 laborem
908 1120 1234 1186 passurus
1263 1101 1617 1180 videretur,
1650 1108 1717 1165 et
1747 1101 1829 1165 de
1856 1102 2149 1166 Tarento
2176 1102 2483 1166 solicitus
2504 1120 2611 1167 es-

426 1210 552 1280 set,
581 1222 666 1266 ne
695 1222 781 1267 ex
812 1203 1096 1269 Bruttiis
1128 1202 1472 1267 Hannibal
1503 1222 1587 1267 eo
1619 1210 2036 1268 converteret
2059 1223 2305 1285 agmen.
2396 1204 2611 1286 Lega-

423 1312 535 1367 tos
565 1324 740 1387 opus
767 1324 916 1368 esse
944 1303 1031 1367 ad
1065 1323 1138 1367 se
1160 1304 1358 1381 mitti,
1393 1304 1574 1368 viros
1598 1304 1968 1386 prudenteS,
1992 1324 2144 1369 cum
2168 1306 2432 1390 quibuS,
2458 1325 2609 1386 quae

425 1406 650 1482 vellet,
683 1405 770 1469 de
792 1425 864 1468 re
893 1403 1166 1489 publica
1193 1404 1621 1488 loqueretur.’
1709 1404 1845 1469 Hae
1876 1404 2079 1470 literae
2104 1406 2400 1471 recitatae
2434 1424 2611 1487 mag-

425 1526 588 1569 num
613 1513 679 1571 et
703 1508 961 1571 luctum
983 1512 1035 1555 ¹⁷
1067 1513 1270 1570 morte
1293 1506 1566 1570 alterius
1592 1506 1916 1581 consuliS,
1933 1514 2000 1569 et
2023 1516 2267 1570 metum
2291 1506 2375 1570 de
2401 1506 2613 1571 altero

424 1606 742 1673 fecerunt.
832 1607 1076 1689 Itaque
1115 1614 1183 1672 et
1221 1605 1312 1684 Q.
1363 1607 1653 1671 Fabium
1694 1605 1901 1670 filium
1945 1606 2027 1668 ad
2075 1607 2437 1671 exercitum
2480 1605 2615 1669 Ve-

427 1710 688 1773 nusiam
711 1708 762 1747 ¹⁸
791 1709 1137 1785 miseruut,
1165 1716 1231 1773 et
1264 1708 1350 1771 ad
1383 1708 1725 1773 consulem
1766 1713 1903 1771 tres
1944 1708 2142 1789 legati
2174 1708 2385 1784 missi,
2416 1708 2613 1773 Sext.

427 1809 656 1875 Julius
702 1809 954 1885 Caesar,
1005 1811 1084 1874 L.
1134 1810 1436 1875 Licinius
1480 1808 1731 1887 Pollio,
1778 1809 1857 1872 L.
1900 1808 2171 1873 Cincius
2212 1809 2617 1883 Alimentus,

431 1932 582 1977 eum
624 1913 862 1996 paucis
900 1918 1056 1977 ante
1095 1912 1338 1977 diebus
1373 1932 1464 1975 ex
1505 1912 1745 1977 Sicilia
1786 1911 2085 1975 redisset.
2178 1911 2276 1975 Hi
2320 1911 2619 1975 nuntiare

429 2014 687 2078 consuli
734 2013 939 2096 jussi,
990 2021 1088 2091 ut,
1127 2013 1190 2077 si
1231 2014 1320 2077 ad
1365 2014 1639 2078 comitia
1688 2013 1839 2095 ipse
1886 2012 2180 2077 Romam
2224 2012 2453 2077 venire
2485 2030 2621 2076 non

429 2121 684 2196 posset,
719 2115 1111 2179 dictatorem
1141 2116 1208 2177 in
1243 2133 1405 2195 agro
1439 2114 1745 2178 Romano
1770 2120 1823 2163 ¹⁹
1846 2122 1867 2150 ²
1914 2113 2164 2177 diceret
2195 2114 2615 2177 comitiorum

429 2236 652 2279 causa.
744 2215 820 2279 Si
851 2216 1086 2280 consul
1117 2214 1480 2279 Tarentum
1519 2214 1866 2296 profectus
1908 2222 2111 2291 esset,
2146 2212 2231 2293 Q.
2266 2213 2620 2279 Claudium

429 2323 780 2398 praetorem
820 2316 1086 2398 placere
1124 2316 1192 2377 in
1223 2334 1374 2379 eam
1404 2316 1733 2397 regionem
1764 2313 1919 2377 inde
1948 2315 2279 2378 abducere
2303 2315 2621 2397 legiones,

429 2417 498 2479 in
528 2436 666 2500 qua
706 2417 1026 2499 plurimas
1068 2416 1404 2479 sociorum
1443 2415 1643 2479 urbes
1683 2415 1850 2478 tueri
1881 2424 2129 2497 posset.
2242 2412 2500 2480 Eadem
2530 2437 2623 2479 ω-

432 2524 605 2580 state
639 2517 735 2581 Μ.
771 2515 1083 2581 Valerius
1123 2535 1272 2582 cum
1305 2516 1522 2579 classe
1557 2522 1823 2579 centum
1866 2516 2132 2577 navium
2168 2534 2251 2578 ex
2286 2516 2622 2581 Siciliain

431 2616 728 2683 Africam
775 2618 1219 2691 transmisit,²⁰
1251 2623 1340 2691 et,
1389 2613 1475 2679 ad
1515 2614 1845 2697 Clupeam
1888 2617 2111 2679 urbem
2130 2622 2151 2653 ⁸
2188 2618 2623 2680 exscensione

431 2718 636 2793 sacta,
667 2736 896 2797 agrum
923 2718 1081 2791 late,
1109 2716 1296 2779 nullo
1323 2714 1530 2778 ferme
1558 2716 1762 2780 obvio
1792 2722 2065 2792 armato,
2086 2718 2418 2779 vastabat.
2460 2716 2625 2779 Inde

434 2817 520 2879 ad
551 2835 758 2881 naves
789 2819 1028 2898 raptim
1063 2815 1472 2898 praedatores
1501 2819 1778 2897 recepti,
1814 2817 1979 2899 quia
2008 2826 2277 2898 repente
2304 2818 2483 2880 fama
2514 2806 2629 2881 ac-'

431 2918 617 2993 cidit,
658 2917 944 2981 classem
975 2916 1306 2980 Punicam
1332 2916 1704 2981 adventare.
1809 2916 2164 2999 Octoginta
2187 2925 2372 2982 erant
2402 2923 2470 2981 et
2498 2924 2629 2981 tres

434 3016 664 3081 nav'es.
771 3016 939 3081 Cum
971 3018 1056 3081 iis
1087 3017 1265 3083 haud
1298 3018 1536 3101 procul
1569 3018 1827 3105 Clupea
1858 3038 2175 3103 prospere
2206 3027 2455 3102 pugnat
2486 3016 2627 3083 Ro·

1346 3196 1709 3218 ‘outone-ecee

499 3314 563 3361 16
595 3310 774 3363 Lectio
797 3310 988 3369 vulgat.
1007 3316 1128 3359 ante
1149 3310 1314 3360 Oro..
1345 3312 1724 3361 «danna—1⁷
1758 3310 1899 3360 Olim
1925 3310 2195 3370 legebatur
2218 3316 2265 3359 et
2288 3324 2509 3372 magnum
2530 3312 2628 3361 luca

437 3382 558 3435 tum,
573 3376 854 3437 anteposit.
877 3378 1071 3423 et.—18
1107 3373 1247 3424 Ante
1269 3374 1433 3425 Gron.
1461 3374 1793 3425 Venusinua.
1840 3376 1967 3425 Mox
1992 3373 2078 3423 inf.
2100 3374 2391 3423 Alimentus
2405 3389 2499 3436 pro
2518 3374 2630 3423 Ata·-

436 3442 764 3488 mentns.—-19
801 3440 818 3465 ⁴
841 3439 996 3489 Nulla
1021 3440 1152 3489 ratio
1174 3446 1258 3488 est
1280 3440 1332 3489 in
1355 3441 1807 3490 senatusconsulto
1830 3439 2053 3489 addendi
2074 3439 2123 3489 in
2144 3452 2261 3501 agro
2278 3439 2417 3488 Ron-
2439 3446 2495 3490 ot
2515 3436 2631 3489 hnc

1424 3584 1646 3637 NOTAE

502 3689 526 3723 ¹¹
561 3682 637 3731 M.
666 3680 946 3730 Marcellum
981 3681 1222 3731 tribunum
1259 3682 1492 3745 militm]
1636 3692 1657 3718 ⁸
1693 3686 1917 3748 Clupeam
1938 3680 2121 3743 urban]
2156 3681 2354 3744 Clupea
2375 3682 2483 3729 sive
2506 3680 2627 3743 cly-

439 3756 682 3807 Mareelli
703 3756 924 3806 consulis
947 3770 1112 3821 nuper
1133 3757 1399 3809 interfecti
1429 3757 1492 3807 fl·
1575 3774 1673 3824 pen
1696 3761 1941 3825 oppidum
1964 3758 2065 3807 fuit
2078 3756 2273 3806 Afrieae
2296 3757 2500 3820 proprie
2522 3757 2633 3807 die-

445 3832 583 3881 lium.

502 3914 522 3942 ¹
551 3907 851 3959 Didetorem
879 3910 935 3958 in
970 3923 1090 3972 agro
1133 3907 1376 3970 Rom]
1410 3906 1494 3958 An

440 3982 516 4033 ita
557 3991 616 4035 ut
657 3983 768 4046 ipse
804 3984 1051 4036 Quintius
1087 4000 1152 4035 ex
1197 3984 1496 4034 vulneribus

441 4072 580 4121 ager
597 4059 648 4109 in
667 4072 844 4121 agrum
864 4058 1152 4111 Romanum
1169 4060 1406 4111 veniret?
1427 4072 1496 4109 ιι

441 4140 502 4185 ut
521 4135 790 4187 dictatoris
827 4144 1058 4201 potestas
1098 4152 1225 4201 agro
1259 4138 1496 4188 Romano

439 4208 708 4261 finiretur?
769 4210 874 4263 Sed
911 4211 1030 4269 hoc,
1052 4212 1103 4261 ni
1141 4212 1312 4271 fallor,
1345 4212 1494 4264 vaide

441 4286 820 4349 novum;‚illud
843 4288 930 4337 vix
957 4288 1218 4352 punibile.
1261 4336 1269 4341 .

1577 3844 1668 3892 tae.
1706 3836 1851 3900 (qum
1898 3841 1955 3884 et
2000 3842 2179 3897 postea
2206 3831 2635 3896 proconsularia)

1575 3912 1715 3961 iuter
1746 3910 2040 3960 Hermaeam
2075 3910 2185 3957 sive
2224 3908 2473 3957 Mercurii
2513 3919 2631 3970 pro-

1575 3985 1881 4035 montorium
1905 3984 2031 4048 (vul.
2052 3984 2181 4046 Cape
2201 3982 2331 4044 Bon)
2346 3991 2399 4031 et
2424 3980 2631 4031 Hadru·

1576 4070 1810 4110 mettum.
1880 4060 2076 4122 clupea
2097 4058 2247 4108 hodie
2272 4056 2459 4107 inflexo
2477 4068 2629 4104 voe·-

1573 4138 1697 4187 bulo
1720 4137 1902 4200 Qaipia
1924 4145 2157 4191 vocatur,
2188 4136 2523 4199 pertinetque
2558 4128 2631 4181 od

1572 4228 1785 4281 regnum
1808 4216 2145 4266 Tunetanum.
