3159 4934
1096 392 1235 440 ma.
1284 391 1475 440 xxv.
1524 392 1688 444 cer.
1727 377 1838 446 36.
2381 383 2554 448 2147

268 537 493 594 trem
522 533 563 596 ’ἲ
623 537 725 611 ut,
754 535 815 598 si
842 535 1209 618 prohibere,
1236 555 1371 622 quo
1394 536 1620 606 minus
1655 539 1728 604 in
1755 556 1958 602 unum
1979 538 2230 606 coirent
2253 546 2322 605 et
2345 540 2556 608 duces

272 639 365 698 et.
417 636 807 702 exercitus
856 636 1167 718 bostium,
1226 657 1363 706 non
1420 645 1680 724 posset,
1719 641 1872 723 ipse
1929 645 2102 706 certe
2151 659 2305 706 cum
2347 641 2552 708 fratre

272 737 787 821 conjungeret
827 741 1105 823 copias.'
1184 741 1325 810 His
1362 745 1614 810 anxius
1641 745 1822 810 curis
1847 742 1922 806 id
1947 742 2149 808 modo
2179 762 2332 808 esse
2367 744 2554 810 salu-

274 845 465 902 tare
504 839 593 902 in
643 859 943 923 praesens
970 844 1307 924 credebat,
1350 846 1586 914 cedere
1611 846 1788 925 inde,
1818 853 2142 930 quantum
2171 852 2436 929 posset:
2481 854 2554 910 et

272 939 477 1004 inde
510 947 537 980 ¹
598 961 743 1008 una
772 951 999 1025 nocte,
1024 945 1273 1030 ignaris
1300 947 1602 1014 hostibus
1631 955 1700 1012 et
1729 948 1820 1013 ob
1849 949 1920 1012 id
1947 947 2215 1031 quietis,
2245 947 2550 1030 aliquan-

278 1047 455 1108 tum
490 1063 835 1114 emensus
852 1055 961 1114 est
988 1051 1136 1116 iter.
1224 1049 1435 1129 Luce,
1474 1056 1547 1115 ut
1585 1055 1982 1116 senserunt·
2027 1050 2368 1132 profectos
2395 1051 2552 1117 hos·

281 1151 445 1222 tes,
476 1150 889 1232 praemissis
920 1151 1256 1230 Numidis,
1298 1171 1501 1236 quam
1526 1159 1840 1236 poterant
1869 1152 2164 1218 maxime
2200 1152 2412 1218 citato
2433 1173 2550 1236 ag·

282 1247 505 1314 mine
526 1253 747 1333 sequi
766 1255 1163 1336 'coeperuntz
1206 1260 1361 1320 ante
1382 1259 1647 1320 noctem
1668 1253 1966 1320 assecuti
2005 1252 2071 1318 N
2071 1253 2346 1331 umidae,
2373 1272 2550 1320 nunc

284 1351 395 1414 ab
447 1359 698 1436 terge,
750 1373 923 1420 nunc
964 1357 1033 1420 in
1089 1356 1305 1422 latera
1345 1357 1812 1422 incursantes-²
1899 1355 2280 1424 Consistere
2317 1374 2548 1440 coepe-

290 1462 507 1530 runt,
564 1474 657 1520 ac
697 1459 905 1522 tutari
934 1477 1189 1540 agmen,
1222 1465 1545 1543 quantum
1574 1464 1892 1542 possent3
1937 1465 2182 1537 tamen,
2228 1464 2378 1524 tuto
2401 1467 2424 1505 ³
2469 1467 2548 1522 ut

294 1555 549 1620 simul
595 1566 958 1640 pugnarent
998 1559 1587 1643 procederentque,
1633 1559 1868 1644 Scipio
1909 1560 2322 1636 hortabatur,
2360 1559 2548 1642 prius

300 1675 559 1739 qnam
594 1658 943 1739 pedestres
970 1661 1191 1745 copim
1216 1665 1748 1744 assequerentur.

410 1760 547 1826 86.
598 1760 907 1828 Ceterum
934 1782 1107 1828 nunc
1137 1762 1399 1845 agendo
1444 1781 1616 1828 nnnc
1663 1761 2052 1828 sustinendo
2069 1758 2090 1798 ¹'
2129 1781 2362 1844 agmen
2391 1781 2545 1828 cum

308 1861 775 1948 aliquamdiu
804 1863 981 1930 haud
1009 1864 1293 1928 multum
1332 1863 1817 1947 procederetur,
1863 1872 1935 1928 et
1975 1883 2112 1928 nox
2146 1865 2291 1947 jam
2335 1864 2546 1930 insta·

312 1972 459 2044 ret,
494 1972 783 2032 revocat
810 1985 853 2030 e
880 1967 1115 2050 praelio
1138 1985 1303 2030 suos
1330 1964 1567 2048 Scipio
1591 1985 1611 2046 ς
1657 1971 1728 2031 et
1756 1967 2082 2032 collectos
2113 1967 2185 2030 in
2219 1967 2544 2032 tumulum

316 2066 709 2149 quendam,
728 2087 863 2132 non
890 2066 1163 2150 quidem
1192 2067 1359 2132 satis
1388 2071 1626 2145 tutum,
1661 2069 2058 2150 (praesertim
2113 2067 2363 2150 agmini
2393 2088 2536 2150 per-

318 2166 599 2250 culso‚)
620 2167 973 2232 editiorem
1002 2177 1253 2244 tamen,
1284 2187 1491 2251 quam
1516 2175 1743 2232 cetera
1761 2169 1942 2232 circa
1969 2176 2170 2245 erant,
2200 2169 2542 2236 subducit.

325 2269 457 2335 lbi
492 2269 742 2352 primo,
768 2267 1261 2352 impedimentis
1311 2275 1381 2332 et
1428 2268 1734 2352 equitatu
1781 2269 1849 2334 in
1893 2269 2184 2334 medium
2231 2271 2542 2354 receptis,

324 2370 747 2436 circumdati
776 2371 1079 2456 pedites·
1122 2369 1301 2434 haud
1329 2369 1682 2435 difficulter
1723 2371 2014 2454 impetus
2057 2371 2540 2438 incursantium

326 2473 801 2538 Numidarum
824 2473 1175 2538 arcebant:
1204 2471 1383 2548 dein,
1404 2479 1768 2555 postquam
1797 2479 1944 2538 toto
1975 2474 2234 2555 agmine
2262 2480 2400 2538 tres
2419 2475 2541 2539 im·

328 2581 693 2657 peratores
720 2593 873 2639 cum
904 2576 1119 2640 tribus
1139 2571 1349 2657 justis
1371 2573 1782 2638 exercitibus
1813 2573 2108 2651 aderant,
2141 2576 2540 2657 apparebat-

328 2697 495 2761 que,
528 2695 767 2762 pamm
796 2677 996 2742 armis
1025 2675 1113 2741 ad
1143 2674 1461 2739 tuendum
1496 2674 1724 2740 locum
1763 2677 1912 2740 sine
1937 2677 2343 2742 munimento
2375 2678 2540 2744 vali·

331 2789 539 2844 turos
566 2797 717 2849 esse
737 2798 757 2857 3
778 2785 805 2824 Ι
849 2777 1417 2858 circumspectare
1445 2779 1652 2856 atque
1681 2775 1979 2856 agitare*
2023 2775 2167 2839 dux
2197 2777 2433 2860 coepit,
2481 2779 2540 2842 si

333 2865 484 2966 quo
506 2881 711 2946 modo
737 2886 973 2963 posset
1002 2877 1247 2942 vallum
1279 2876 1530 2940 circum
1578 2875 1902 2958 injicere.5
1986 2875 2121 2941 Sed
2171 2884 2314 2942 erat
2363 2877 2538 2944 adeo

335 2984 565 3049 nudus
592 2981 885 3046 tumulus
904 2986 977 3046 et
1002 2978 1225 3062 asperi
1254 2977 1413 3054 soli,
1442 2983 1515 3041 ut
1541 2995 1662 3043 nec
1685 2977 1966 3060 virgulta
1986 2979 2168 3043 vello
2188 2979 2536 3060 caedendo,

336 3103 467 3149 nec
500 3089 675 3147 terra
711 3082 947 3164 cespiti
976 3078 1285 3146 faciendo
1336 3085 1459 3142 aut
1504 3077 1830 3144 ducendae
1890 3080 2098 3146 fossae
2144 3081 2350 3146 aliive
2400 3081 2521 3147 ulli

338 3186 535 3270 operi
584 3189 749 3267 apta
798 3182 1079 3247 inveniri
1125 3187 1359 3265 posset
1394 3200 1411 3244 ε
1458 3198 1579 3244 nec
1629 3187 1870 3247 natura
1921 3181 2325 3268 quicquam⁶
2368 3182 2534 3248 satis

404 3375 435 3400 ⁸·
470 3366 701 3417 Colloceti
718 3366 893 3416 mun
906 3363 1235 3428 impedimenta
1252 3367 1303 3412 et
1320 3361 1515 3426 equites.

348 3631 469 3677 ante
504 3623 759 3674 Crono-1
795 3622 810 3652 ⁸
835 3621 1070 3673 Alterum
1106 3623 1219 3673 inde
1254 3627 1433 3672 tuetur
1472 3620 1718 3682 Deci-ing.
1761 3617 1900 3682 quod
1931 3618 2162 3682 spurium
2201 3618 2316 3668 aliis
2353 3619 2533 3672 visum.

344 3692 438 3740 Me
462 3699 515 3738 et
536 3689 595 3739 τὸ
616 3690 726 3740 inde
760 3695 817 3740 et
850 3687 908 3737 τὸ
942 3703 1037 3738 una
1070 3685 1303 3750 offendit,
1342 3686 1620 3749 metimque
1638 3688 1687 3733 et
1713 3684 1968 3744 ingruente
1992 3686 2070 3731 vel
2094 3683 2235 3732 illuni
2261 3697 2354 3734 seu
2378 3685 2530 3738 illuns
2609 3685 2613 3688 ’

346 3753 510 3804 nocte?
534 3755 850 3816 Rupere—2
884 3751 971 3802 ΑΙ.
990 3754 1433 3802 concursantem-³
1467 3750 1585 3799 Vox
1610 3753 1710 3796 tuto
1731 3756 1975 3810 suspecta
1995 3756 2110 3797 erat
2135 3749 2388 3800 Strotbio.

408 3823 441 3866 4
476 3817 699 3880 Cogitat-e
720 3817 855 3868 Edd.
886 3832 918 3868 a
939 3817 1117 3882 Sigon.
1139 3816 1203 3866 ad
1227 3815 1556 3866 Groneia—5
1593 3811 1742 3876 Conj.
1764 3811 1939 3862 Periz-
1961 3812 2398 3876 ammiane—e
2429 3778 2542 3865 Nec·

1330 3975 1549 4028 NOTAE

412 4101 435 4130 ⁸
462 4093 527 4142 Ut
541 4092 812 4156 emunt]
837 4091 1128 4143 Hasdrubal
1148 4099 1204 4142 et
1220 4093 1397 4155 Mago.
1476 4097 1527 4142 et
1548 4088 1709 4140 tantm
1727 4091 1830 4138 lcu-
1855 4087 2044 4148 fuirunt
2068 4088 2204 4149 faire
2233 4089 2381 4152 fiune,
2403 4096 2449 4140 et
2479 4107 2530 4143 se

412 4173 433 4204 f
449 4172 594 4221 Nunc
610 4169 792 4232 agendo
808 4183 929 4218 me
940 4167 1235 4231 adimendo]
1272 4167 1396 4217 Gai·
1473 4167 1660 4219 bettane
1681 4179 1740 4215 ea
1758 4167 1974 4213 retr-cite.

345 4249 463 4312 lice,
484 4244 647 4298 tortu
666 4243 1081 4304 seim-amer
1098 4259 1173 4295 m
1188 4249 1395 4310 mepta,
1536 4251 1562 4288 r
1605 4241 1844 4294 Velitum
1863 4238 1986 4302 me]
2023 4239 2292 4332 Romanos.
