3159 4934
589 378 764 448 1996
1537 391 1605 439 τ.
1642 391 1835 440 mvn

1355 477 1397 493 *-

595 537 843 618 argenti
861 543 907 575 ¹¹
961 553 1135 618 opus
1181 533 1331 613 suit,
1385 541 1458 600 et
1502 552 1631 598 sex
1679 532 2000 598 meusium
2051 530 2451 596 frumentum
2498 530 2793 612 accepit.

595 638 908 703 Cornelio
952 637 1024 702 in
1072 637 1389 703 Sardinia
1417 637 1725 702 civitates
1756 635 1965 700 sociae
2012 633 2294 713 benigne
2340 632 2790 696 contulerunt.

596 740 686 804 Et
745 737 990 806 Romae
1047 757 1315 821 quoque
1373 744 1649 821 propter
1710 736 2077 820 penuriam,
2137 737 2387 816 argenti
2458 734 2788 797 triumviri

595 839 954 916 mensarii,†
1013 840 1362 920 rogatione
1429 837 1531 902 Μ.
1587 837 1878 903 Minucii
1921 837 2165 902 tribuni
2210 836 2453 918 plebis,
2482 834 2667 912 facti,
2706 835 2790 899 L.

597 941 916 1006 AEmilius
975 939 1231 1024 Papus,
1292 940 1410 1022 qui
1471 940 1709 1004 consul
1733 947 1785 978 ¹²
1846 957 2213 1020 censorque
2266 936 2504 1014 fuerat,
2562 940 2629 1001 et
2688 935 2805 1000 M..

597 1042 846 1106 Atilius
903 1040 1226 1122 Regulus,
1283 1041 1404 1123 qui
1463 1041 1572 1105 bis
1630 1040 1869 1104 consul
1928 1039 2166 1113 fuerat,
2238 1045 2303 1102 et
2375 1037 2457 1101 L.
2515 1037 2791 1102 Scribo-

596 1144 753 1206 nius
802 1142 1000 1215 Libo,
1055 1143 1172 1225 qui
1237 1146 1375 1204 tum
1429 1141 1730 1208 tribunus
1777 1140 1999 1224 plebis
2044 1146 2205 1203 erat.
2314 1138 2405 1202 Et
2461 1139 2795 1205 duumviri

597 1244 824 1320 creati,
855 1241 957 1306 M.
987 1248 1054 1306 et
1086 1240 1165 1305 C.
1195 1239 1414 1318 Atilii,
1445 1241 1657 1305 eedem
1690 1239 2114 1316 Concordiae,
2146 1259 2350 1322 quam
2381 1239 2462 1303 L.
2490 1239 2791 1304 Manlius

598 1349 842 1427 praetor
892 1347 1191 1419 voverat,
1238 1340 1741 1406 dedicaverunt.
1836 1341 1925 1404 Et
1974 1349 2111 1404 tres
2160 1341 2513 1424 pontifices
2560 1342 2791 1418 creati,

601 1442 696 1521 Q.
727 1443 1048 1512 Caecilius
1081 1441 1421 1519 Metellus,
1463 1449 1533 1506 et
1581 1440 1669 1518 Q.
1711 1440 1967 1506 Fabius
1998 1440 2365 1522 Maximus,
2400 1448 2467 1506 et
2495 1441 2585 1520 Q.
2628 1441 2793 1505 Ful-

598 1546 752 1610 vius
783 1543 1095 1621 Flaccus,
1123 1545 1194 1608 in
1221 1545 1442 1612 locum
1474 1541 1556 1606 P.
1583 1531 1915 1608 Scantin‘ii
1943 1540 2293 1621 demortui,
2324 1548 2392 1608 et
2420 1543 2503 1608 L.
2528 1543 2792 1606 AEmilii

600 1645 826 1712 Paulli
873 1646 1191 1722 consulis,
1239 1650 1306 1710 et
1361 1644 1452 1726 Q.
1501 1642 1671 1708 AElii
1725 1643 1927 1721 Paeti,
1974 1644 2093 1728 qui
2140 1644 2521 1708 ceciderant
2571 1664 2795 1727 pugna

603 1747 1009 1812 Cannensi.¹³

619 1889 628 1894 -
684 1848 796 1912 22.
840 1846 1012 1910 Cum
1044 1849 1286 1922 cetera,
1318 1865 1471 1930 quae
1515 1845 1858 1912 continuis
1886 1846 2195 1913 cladibus
2226 1846 2499 1913 fortuna
2534 1839 2795 1912 minue·
2878 1934 2880 1936 q

600 1955 726 2025 rat,
754 1955 1077 2031 quantum
1105 1947 1409 2012 consiliis
1435 1948 1741 2014 humanis
1768 1949 2036 2031 assequi
2060 1955 2391 2032 poterant,
2412 1948 2645 2012 Patres
2674 1967 2794 2012 ex·-

602 2048 942 2131 plesseut3
987 2049 1256 2112 tandem
1287 2067 1360 2112 se
1389 2067 1665 2132 quoque
1686 2053 1755 2112 et
1782 2048 2213 2115 solitudinem
2234 2050 2463 2127 curiae,
2490 2049 2796 2131 paucita-

601 2155 867 2232 temque
916 2150 1440 2215 couvenientium
1483 2149 1572 2214 ad
1620 2149 1961 2233 publicum
2010 2135 2370 2217 consilium
2389 2157 2445 2198 ¹4
2483 2163 2795 2233 respexe-

602 2260 776 2314 runt.
865 2249 1114 2335 Neque
1167 2251 1342 2315 enim
1388 2257 1551 2332 post
1602 2250 1681 2314 L.
1726 2249 2076 2314 AEmilium
2124 2257 2192 2315 et
2242 2251 2322 2315 C.
2355 2249 2755 2315 Flaminium
2778 2258 2799 2286 ⁸

603 2371 919 2417 censores
951 2359 1226 2415 senatus
1255 2352 1474 2415 lectus
1505 2351 1743 2426 fuerat,
1775 2370 1929 2415 cum
1978 2357 2234 2416 tantum
2272 2357 2649 2416 senatorum
2680 2350 2795 2416 ad-

602 2471 816 2517 versae
847 2452 1216 2536 pugnoe,ad
1246 2452 1377 2517 hoc
1399 2452 1508 2516 sui
1528 2470 1856 2535 quemque
1887 2470 2091 2516 casus
2122 2472 2246 2535 per
2273 2453 2799 2536 quinquennium

605 2552 1104 2618 absumsissent.
1212 2550 1384 2616 Cum
1442 2550 1524 2615 de
1579 2569 1665 2614 ea
1714 2569 1785 2614 re
1833 2549 1958 2617 Μ’.
2006 2551 2423 2637 Pomponius
2472 2559 2798 2636 praetor,¹⁵

605 2652 936 2718 dictatore
967 2659 1123 2737 post
1151 2651 1522 2716 Casilinum
1549 2652 1873 2716 amissum
1902 2653 2209 2735 profecto
2242 2653 2503 2737 jamad
2542 2653 2801 2726 exerci-

605 2761 775 2831 tum,
819 2755 1338 2837 exposcentibus
1384 2753 1649 2817 cunctis
1698 2753 2037 2818 retulisset
2053 2774 2086 2834 3-
2116 2759 2259 2818 tum
2289 2753 2409 2836 Sp.
2440 2751 2800 2830 Carvilius,

605 2873 759 2919 cum
789 2857 990 2938 longa
1020 2855 1324 2920 oratione
1351 2873 1487 2918 non
1517 2854 1736 2919 solum
1766 2855 2066 2938 inopiam
2096 2853 2455 2932 senatus‚¹⁶
2483 2852 2605 2918 sed
2634 2873 2802 2937 pau-

607 2957 871 3020 citatem
915 2958 1116 3020 etiam
1147 2957 1418 3033 civium,
1447 2974 1486 3019 e
1528 2956 1776 3037 quibus
1824 2957 1895 3020 in
1943 2957 2187 3022 Patres
2214 2960 2605 3040 legerentur,
2636 2973 2799 3022 cou-

1523 3133 1615 3154 ”O

1798 3133 1890 3156 m

605 3241 662 3284 et
686 3233 1154 3298 urcy-sigium--ll
1193 3233 1276 3282 ΑΙ.
1309 3235 1361 3282 in
1380 3248 1422 3283 ε.
1441 3239 1669 3300 quantum
1688 3235 2024 3297 argentei—12
2057 3233 2143 3284 ΑΙ.
2163 3235 2228 3284 1..
2254 3234 2496 3297 AEmilins,
2518 3234 2600 3298 qui
2619 3237 2798 3286 mad.

604 3300 734 3347 -13
766 3299 888 3347 Vct.
915 3298 1001 3346 lib.
1025 3296 1162 3360 apuid
1185 3298 1360 3360 Sigon.
1389 3299 1444 3347 in
1521 3313 1623 3360 gum
1646 3300 1899 3348 Οαιιπειιεί.

672 3366 734 3412 1⁴
767 3362 853 3411 ΑΙ.
881 3362 1270 3411 concilim—1⁶
1309 3361 1392 3412 ΑΙ.
1474 3377 1552 3411 um
1588 3364 1647 3410 de
1682 3378 1738 3412 ea
1770 3378 1825 3412 re
1859 3363 1935 3412 M.
1960 3363 2187 3413 AEmilius
2214 3367 2543 3426 pretore—16
2572 3362 2799 3414 ‘Vocem

603 3431 794 3477 seuam
815 3441 931 3476 cum
953 3427 1153 3476 Stroth.
1169 3441 1200 3474 e
1221 3431 1270 3476 6.
1295 3426 1426 3474 Mss.
1450 3426 1663 3474 inserui.
1718 3426 1832 3475 Non
1850 3427 2001 3476 solum
2015 3426 2319 3490 paucitatem.
2333 3427 2417 3475 sed
2436 3427 2643 3488 inopiam
2654 3429 2799 3476 etim

605 3491 780 3539 civium
801 3491 938 3553 conj.
965 3491 1116 3541 Crev.
1138 3499 1193 3539 et
1214 3489 1360 3539 Duk.
1382 3491 1470 3552 qui
1493 3499 1669 3538 monet
1696 3489 1858 3539 verba
1891 3504 2004 3540 este
2040 3491 2445 3555 transponenda,
2471 3490 2605 3554 quod
2638 3492 2801 3551 inopie

605 3553 791 3603 civium
817 3557 932 3618 plus
954 3555 1040 3618 sit,
1062 3569 1210 3618 quam
1231 3553 1468 3616 paucitas,
1489 3559 1564 3617 et,
1586 3553 1672 3602 ubi
1692 3553 1852 3618 inopia
1873 3555 1961 3612 sit,
1986 3554 2057 3604 ibi
2090 3557 2207 3618 plus
2242 3571 2377 3618 esse,
2400 3568 2553 3620 quam
2586 3556 2798 3618 paucus.-

1601 3683 1819 3734 NOTAE

671 3783 695 3830 τ
731 3773 994 3824 stiumviri
1021 3775 1272 3838 mensarii]
1305 3777 1514 3828 Factum
1547 3779 1665 3844 hoc,
1745 3779 1901 3843 lares,
1938 3786 1992 3831 ct
2026 3781 2266 3831 Lustrum
2287 3786 2371 3832 43.
2402 3781 2707 3834 condiderat
2734 3783 2795 3832 1..

607 3865 675 3900 ne
698 3850 850 3900 oboes
874 3852 1095 3900 alienum
1121 3852 1288 3902 turbae
1311 3862 1668 3916 nascerentur,
1745 3853 1981 3905 AEmilins
2019 3855 2217 3920 Ριριιι,
2252 3858 2313 3907 C.
2346 3859 2628 3910 Flaminius
2663 3859 2796 3908 viam

609 3934 667 3977 ut
689 3925 757 3976 A.
783 3927 851 3977 U.
873 3927 934 3976 C·
957 3931 1071 3976 4⁰8.
1090 3927 1156 3977 de
1179 3942 1281 3992 quo
1304 3927 1422 3978 vide
1444 3929 1536 3980 lib.
1559 3943 1666 3981 vn.
1746 3929 2046 3980 Flaminiam
2083 3945 2146 3981 ea
2197 3947 2415 3983 censura
2469 3935 2707 3992 munivit,
2740 3941 2799 3982 et

609 4018 658 4053 c.
677 4007 760 4052 21.
793 4003 848 4050 J.
875 4003 1108 4053 Clericus.
1747 4005 1956 4056 Circum
1990 4007 2305 4058 Fiaminium
2333 4010 2542 4073 ntruxit,
2577 4008 2801 4060 triennio

672 4087 691 4112 ⁸
723 4079 844 4128 Post
873 4079 934 4130 1..
965 4081 1216 4130 AEmz'lium
1249 4087 1296 4130 ei
1338 4081 1396 4129 C.
1429 4081 1664 4132 Flamini·
1746 4091 1866 4144 post
1896 4081 2204 4135 interfectus
2238 4087 2417 4149 praelio
2448 4086 2513 4136 ad
2546 4087 2800 4138 Trasime-

608 4153 712 4216 um]
748 4155 819 4204 Hi
842 4164 964 4204 ante
998 4155 1387 4221 quadriennium
1421 4170 1665 4207 censores
1744 4171 1883 4208 num.

607 4227 817 4279 fuerant
855 4245 940 4280 eu.
979 4231 1045 4281 U.
1091 4231 1151 4282 C.
1187 4235 1303 4281 6⁸³.
1341 4232 1438 4282 viri
1477 4245 1662 4282 consu·
