3159 4934
1069 407 1246 488 ‘ms-
1293 407 1549 456 xxvu.
1596 407 1759 456 οΑι».
1798 393 1908 456 50.
2416 387 2591 458 W

405 581 416 591 ·
493 551 601 614 50.
647 548 836 614 Nero
877 569 965 613 ea
1009 556 1228 628 nocte,
1265 569 1422 635 qum
1467 558 1699 616 secuta
1746 557 1853 614 est
1896 545 2215 633 pugnam,
2252 547 2587 628 citatiore,

409 669 608 734 quam
647 651 800 714 inde
825 658 1117 728 venerat,
1147 653 1434 733 agmine,
1464 649 1575 714 die
1606 656 1801 714 sexto
1832 650 1922 715 ad
1951 652 2199 715 stativa
2236 667 2363 712 sua
2388 655 2590 732 atque

407 749 496 814 ad
547 750 806 815 hostem
853 752 1168 832 pervenit.
1276 752 1418 816 Iter
1474 752 1625 834 qius
1680 751 2049 833 frequentia
2106 751 2380 826 minore,
2428 751 2593 833 quia

403 867 602 914 nemo
623 855 674 888 ¹⁰
703 858 1140 933 praecesserat
1167 853 1460 928 nuntius,
1483 852 1722 917 laetitia
1753 869 1907 915 vero
1929 857 2137 926 tanta,
2161 851 2275 914 vix
2306 856 2381 916 ut
2410 869 2593 914 com-

403 959 604 1034 potes
648 953 962 1016 mentium
1007 972 1145 1035 prm
1186 953 1434 1033 gaudio
1473 960 1720 1030 essent,
1753 953 2163 1017 celebratum
2194 959 2321 1015 est.
2362 969 2369 976 ·
2413 949 2594 1015 Nam

406 1051 649 1116 Roman
695 1059 928 1118 neuter
971 1054 1174 1118 animi
1216 1055 1484 1118 habitus
1522 1055 1685 1118 satis
1725 1053 1863 1119 dici
1894 1053 2318 1136 enarrarique
2352 1059 2595 1135 potest,

404 1169 528 1216 nec
575 1171 711 1235 quo
751 1154 1004 1218 incerta
1051 1156 1527 1236 expectatione
1571 1161 1851 1218 eventus
1894 1155 2133 1218 civitas
2184 1153 2422 1228 fuerat,
2468 1171 2595 1215 nec

407 1272 548 1334 quo
592 1255 892 1318 victoriae
935 1253 1182 1318 famam
1223 1255 1512 1338 accepit.
1604 1253 1973 1338 Nunquam
2012 1274 2129 1337 per
2169 1271 2399 1317 omnes
2428 1253 2597 1328 dies,

408 1372 498 1416 ex
550 1373 686 1437 quo
740 1355 1092 1419 Claudium
1144 1354 1490 1419 consulem
1549 1353 1917 1437 profectum
1973 1354 2153 1418 fama
2200 1353 2453 1431 attulit,
2508 1354 2597 1417 ab

407 1463 556 1520 orto
609 1455 754 1520 sole
807 1457 897 1522 ad
950 1455 1387 1534 occidentem,
1439 1462 1558 1521 aut
1607 1459 1872 1520 senator
1922 1455 2271 1539 quisquam
2324 1475 2369 1520 a
2410 1455 2599 1519 curia

407 1563 612 1638 atque
643 1558 731 1620 ab
757 1558 1254 1639 magistratibus
1281 1557 1638 1634 abscessit,
1664 1562 1781 1621 aut
1808 1555 2098 1640 populus
2127 1574 2170 1619 a
2198 1555 2362 1620 foro.
2442 1553 2598 1620 Ma-

406 1661 640 1736 tronae‚
681 1659 840 1741 quia
881 1658 1046 1722 nihil
1089 1659 1156 1721 in
1194 1657 1370 1740 ipsis
1413 1658 1568 1740 opis
1608 1665 1771 1730 erat,
1814 1657 1884 1720 in
1924 1675 2157 1739 preces
2202 1656 2593 1720 obtestatio·-

406 1775 662 1840 nesque
697 1778 932 1836 versae,
965 1779 1083 1842 per
1128 1760 1348 1823 omnia
1378 1757 1653 1823 delubra
1681 1775 1873 1841 vagoe
1905 1757 2259 1841 suppliciis
2285 1757 2595 1840 votisque

407 1855 682 1939 fatigare
706 1868 752 1898 ¹¹
807 1861 1006 1924 Deos.
1094 1859 1264 1923 Tam
1309 1859 1599 1924 solicitoe
1633 1879 1715 1923 ac
1752 1877 2099 1942 suspensae
2132 1859 2387 1924 civitati
2416 1859 2597 1946 fama

407 1957 659 2024 incerta
699 1961 918 2044 primo
954 1960 1226 2038 accidit,
1256 1958 1428 2025 duos
1471 1958 1885 2024 Narnienses
1920 1959 2179 2043 equites
2225 1960 2294 2022 in
2340 1971 2591 2037 castra,

408 2075 564 2140 quae
611 2061 679 2124 in
726 2061 1025 2125 faucibus
1075 2059 1374 2124 Umbriae
1413 2061 1729 2143 opposita
1770 2066 1973 2138 erant,
2001 2061 2267 2126 venisse
2295 2079 2383 2125 ex
2416 2079 2593 2143 proe-

407 2159 528 2236 lio,
578 2161 956 2226 nuntiantes
1007 2179 1230 2226 coesos
1279 2160 1537 2224 hostes.
1626 2161 1715 2225 Et
1769 2161 1983 2245 primo
2036 2161 2249 2242 magis
2298 2159 2593 2236 auribus,

408 2279 610 2343 quam
641 2261 900 2339 animis,
926 2261 998 2326 id
1037 2269 1392 2345 acceptum
1422 2268 1586 2340 erat,
1617 2267 1691 2327 ut
1722 2261 1940 2345 majus
1984 2261 2359 2345 laetiusque,
2389 2279 2591 2344 quam

408 2361 591 2444 qnod
635 2368 854 2426 mente
897 2381 1164 2446 capere,
1195 2373 1314 2428 ant
1348 2362 1520 2425 satis
1557 2361 1830 2425 credere
1856 2371 2169 2443 possent3
2212 2366 2279 2425 et
2304 2364 2455 2445 ipsa
2485 2379 2593 2425 ce·

408 2461 638 2526 lei-itas
675 2462 872 2528 fidem
911 2463 1344 2545 impediebat,
1373 2462 1555 2545 quod
1596 2461 1805 2525 biduo
1834 2469 1987 2526 ante
2020 2469 2385 2544 pugnatum
2417 2460 2591 2526 dice-

407 2562 616 2626 batur.
705 2563 949 2628 Literae
1000 2561 1236 2627 deinde
1289 2564 1375 2629 ab
1428 2563 1509 2626 L.
1558 2561 1824 2627 Manlio
1882 2562 2174 2626 Acidino
2225 2565 2455 2627 missae
2504 2579 2589 2627 ex

410 2663 688 2726 castris!
717 2663 1074 2728 afferuntur
1102 2662 1188 2728 de
1209 2661 1683 2728 Narniensium
1714 2664 2007 2745 equitum
2036 2663 2349 2727 adventu.
2406 2663 2593 2727 Eae¹²

409 2763 642 2839 litem,
670 2781 787 2846 per
825 2764 1041 2827 forum
1080 2762 1169 2828 ad
1208 2763 1496 2828 tribunal
1531 2763 1839 2845 praetoris
1867 2762 2049 2839 latae,
2080 2769 2381 2826 senatum
2412 2762 2594 2826 curia

409 2866 836 2944 exciverunt3
879 2869 1201 2948 tantoque
1229 2863 1593 2928 certamine
1623 2882 1705 2927 ac
1729 2863 2013 2927 tumultu
2040 2863 2281 2947 populi
2299 2861 2386 2927 ad
2416 2863 2591 2928 fores

410 2967 608 3030 curiae
652 2983 1051 3030 concursum
1095 2971 1220 3042 est,
1247 2970 1328 3027 ut
1354 2963 1538 3028 adire
1566 2962 1835 3028 nuntius
1862 2983 1995 3027 non
2026 2970 2275 3047 posset,
2302 2963 2591 3028 trahere-

409 3071 647 3148 turque
692 3085 734 3129 a
774 3065 1432 3150 percunctantibus,¹³
1481 3064 2164 3147 vociferantibusque,
2194 3071 2265 3128 ut
2300 3066 2369 3128 in
2412 3063 2592 3130 Ros-

409 3167 538 3231 tris
583 3167 788 3251 prius‚
833 3185 1033 3249 quam
1085 3167 1154 3230 in
1204 3173 1462 3246 senatu,
1501 3167 1713 3231 literae
1755 3165 2205 3232 recitarentur.
2291 3165 2591 3230 Tandem

410 3267 722 3331 summoti
745 3272 816 3331 et
833 3265 1110 3332 co'erciti
1129 3286 1172 3331 a
1191 3269 1692 3350 magistratibus
1712 3289 1731 3348 3
1775 3267 2270 3351 dispensarique
2290 3275 2343 3316 ¹⁴
2358 3268 2593 3332 laetitia

409 3369 581 3434 inter
624 3369 1015 3452 impotentes
1061 3368 1207 3452 ejus
1251 3368 1512 3434 animos
1559 3369 1793 3454 potuit.
1882 3367 1967 3432 In
2006 3373 2247 3432 senatu
2284 3369 2589 3454 primum,

1327 3567 1442 3587 0000
1447 3565 1682 3589 000000οΨ

479 3697 544 3742 lo
577 3693 729 3742 Nesto
747 3693 874 3742 enisu
894 3693 945 3742 in
970 3691 1101 3742 Edu.
1122 3699 1246 3742 ante
1267 3693 1557 3743 orem—11
1596 3693 1737 3744 Olim
1770 3695 2043 3758 legebatur
2060 3695 2485 3758 salimes—12
2516 3699 2590 3747 'Et

414 3757 706 3807 Gran—1³
743 3756 874 3806 Edd.
899 3765 1018 3807 ante
1053 3756 1214 3806 Gron.
1233 3771 1336 3820 pra
1355 3757 1698 3808 metatione.
1744 3762 1761 3788 ⁶
1790 3759 1905 3809 Hoc
1933 3758 2113 3808 eadem
2135 3757 2348 3810 fortuna
2366 3762 2590 3826 subjecit

413 3819 565 3869 Beat.
589 3835 705 3870 cum
728 3821 982 3882 legeretur
1023 3825 1078 3870 at
1097 3821 1230 3870 cdiv-e
1249 3821 1446 3870 nuntius
1463 3835 1554 3869 non
1570 3827 1741 3884 mee,
1764 3823 2117 3885 traheretur-qne
2135 3839 2165 3886 u
2182 3827 2594 3887 percunctantibus

413 3883 894 3948 uociferantibusque!
912 3885 964 3937 J·
984 3857 1043 3934 i?-
1065 3883 1360 3934 Crem—14
1389 3887 1405 3914 ⁸
1433 3883 1536 3934 Hie
1557 3887 1755 3935 Beatus
1778 3887 1931 3964 iunge
1955 3885 2330 3938 infelicissimus
2343 3905 2362 3951 ’ς
2385 3891 2503 3952 qnia
2523 3891 2591 3938 ab

413 3949 596 3998 calami
632 3961 808 3999 errore
827 3950 880 3999 in
899 3950 1038 4001 libro
1056 3962 1150 3999 suo
1169 3949 1370 3998 invenit
1389 3949 1746 4014 dicarem-ique,
1768 3952 1913 4001 nobis
1932 3951 2167 4002 obtrudit
2187 3954 2357 4017 vixque
2376 3951 2593 4002 σεται-ι’

1393 4108 1607 4163 ΝΟΤΒ

1067 4231 1094 4268 s
1127 4223 1212 4272 Ex
1231 4222 1426 4286 murts]
1459 4223 1593 4275 Qu·
1616 4223 1669 4274 in
1694 4221 1920 4274 Umbris.
