3159 4934
1105 479 1251 527 mn.
1297 478 1528 527 xxrv.
1575 480 1734 527 eff.
1778 462 1885 527 23.
2032 414 2037 419 ’
2406 464 2575 531 2027

475 620 586 686 23.
631 618 802 687 Post
847 621 1021 687 hanc
1068 622 1434 697 orationem
1457 668 1464 674 -
1488 622 1711 687 claves
1763 627 2093 706 portarum
2145 624 2576 708 pecuniaeque

392 723 594 804 regiae
642 732 800 787 ante
848 718 1052 808 pedes
1093 742 1320 788 eorum
1369 725 1619 807 posuit.
1706 722 1932 809 Atque
1983 724 2103 789 illo
2152 724 2413 809 quidem
2470 728 2603 791 die.

394 824 655 889 dimissi
702 844 788 889 ox
836 824 1156 890 concione
1199 825 1364 903 laeti,
1393 824 1570 889 circa
1615 826 1842 890 omnia
1870 826 2030 891 sana
2077 826 2297 892 Deum
2326 830 2581 913 suppli·

393 935 713 991 caverunt
742 946 894 991 cnm
926 926 1326 1009 conjugibus
1364 947 1448 992 ac
1494 928 1761 992 liberis:
1824 935 2100 1011 postero
2150 928 2261 993 die
2306 932 2581 995 comitia

393 1029 788 1110 praetoribus
814 1036 862 1076 ¹⁵
912 1028 1215 1093 creandis
1263 1028 1514 1093 habita.
1604 1028 1898 1093 Creatus
1950 1030 2016 1093 in
2056 1030 2291 1115 primis
2324 1030 2580 1096 Andra-

392 1127 722 1209 n'odorus3
765 1130 968 1193 ceteri
989 1148 1229 1211 magna
1250 1147 1341 1193 ex
1365 1134 1554 1212 parte
1575 1128 2034 1194 interfectores
2057 1134 2337 1215 tyranni.
2384 1134 2580 1198 Duos

393 1231 596 1295 etiam
625 1231 958 1310 absentes,
989 1231 1343 1315 Sopatrum
1375 1252 1456 1298 ac
1487 1231 2009 1310 Dinomenem,¹⁶
2048 1232 2368 1298 fecerunt.
2414 1232 2579 1312 Qui,

397 1332 667 1411 auditis,
698 1352 854 1417 quae
898 1332 1253 1417 Syracusis
1291 1340 1448 1397 acta
1495 1340 1705 1411 erant,
1736 1334 2087 1416 pecuniam
2120 1336 2393 1415 regiam,
2426 1354 2579 1417 quae

395 1434 464 1499 in
493 1435 836 1500 Leontinis
883 1445 1050 1515 erat,
1097 1436 1470 1519 Syracusas
1511 1438 1877 1511 devectam,
1909 1438 2360 1518 quaestoribus
2392 1437 2478 1500 ad
2507 1435 2583 1499 id

395 1534 616 1619 ipsum
668 1538 914 1602 creatis
967 1536 1420 1619 tradiderunt3
1483 1545 1554 1601 et
1603 1558 1709 1615 ea,
1740 1557 1893 1620 quae
1938 1538 2006 1601 in
2052 1538 2288 1602 Insula
2331 1544 2475 1603 erat
2515 1538 2585 1601 e‘t

397 1635 805 1718 Achradina,
849 1638 1093 1705 tradita
1137 1646 1281 1721 est3
1307 1646 1358 1688 ¹⁷
1403 1639 1713 1721 m'urique
1744 1658 1827 1703 ea
1855 1658 2030 1723 pars,
2059 1658 2215 1722 quae
2245 1641 2332 1705 ab
2361 1648 2584 1705 cetera

395 1740 552 1803 urbe
580 1740 774 1804 nimis
800 1740 988 1805 firmo
1014 1742 1420 1806 munimento
1449 1741 1928 1825 intersepiebat
1956 1740 2276 1819 Insulam,
2307 1761 2581 1807 consen-

397 1860 480 1905 su
521 1844 818 1907 omnium
861 1842 1129 1927 dejecta
1173 1850 1298 1907 est.
1385 1841 1653 1906 Secutae
1695 1847 1762 1906 et
1805 1847 2039 1906 ceterae
2072 1861 2177 1906 res
2205 1842 2375 1908 hanc
2402 1844 2589 1908 incli-

397 1945 728 2008 nationem
785 1945 1156 2009 animorum
1219 1945 1307 2010 ad
1369 1944 1763 2009 libertatem.
1854 1943 2315 2026 Hippocrates
2378 1952 2607 2030 atque·
2640 2012 2647 2019 ,

398 2042 760 2131 Epicydes,
791 2047 1022 2113 audita
1049 2055 1264 2112 morte
1309 2046 1596 2130 tyranni,
1626 2063 1823 2129 quam
1867 2044 2351 2128 Hippocrates,
2382 2048 2607 2110 etiam

397 2146 634 2210 nuntio
677 2148 1036 2221 interfecto,
1068 2148 1286 2211 celare
1327 2148 1657 2223 voluerat,
1692 2146 1933 2209 deserti
1966 2164 2005 2208 a
2036 2146 2387 2223 militibus,
2422 2149 2588 2231 quia

399 2244 472 2310 id
503 2249 900 2313 tutissimum
929 2266 1018 2312 ex
1048 2248 1491 2336 praesentibus
1520 2247 1893 2323 videbatur,
1918 2246 2290 2329 Syracusas
2308 2249 2586 2313 rediere.

399 2344 544 2413 Ubi
591 2368 674 2413 ne
735 2351 1029 2433 suspecti
1086 2345 1708 2427 obversarentur,¹⁸¹
1760 2353 2076 2431 tanquam
2132 2350 2430 2414 novandi
2481 2370 2587 2415 res

401 2448 692 2535 aliquam
719 2452 1148 2517 occasionem
1181 2460 1577 2536 quaerentes,
1602 2457 1921 2535 praetores
1942 2450 2253 2532 primum,
2279 2451 2433 2515 dein
2466 2472 2589 2533 per

399 2570 518 2615 eos
565 2561 874 2617 senatum
917 2554 1186 2619 adeunt.
1274 2554 1428 2619 ‘Ab
1471 2551 1857 2618 Hannibale
1902 2570 1977 2615 se
2019 2550 2310 2617 missos'
2339 2554 2589 2635 praedi·

399 2659 554 2718 cant
597 2658 618 2687 ‘
639 2653 722 2717 ad
770 2655 1276 2741 Hieronymum,
1305 2663 1621 2741 tanquam
1652 2654 1944 2718 amicum
1976 2670 2057 2717 ac
2086 2655 2363 2718 socium.
2452 2654 2589 2719 Pa·-

399 2754 616 2819 ruisse
646 2756 924 2839 imperio
949 2758 1184 2841 ejus,¹⁹
1213 2758 1408 2840 cujus
1437 2758 1795 2837 imperator
1814 2772 1979 2817 suus
1996 2755 2343 2839 voluerit.¹¹³
2391 2752 2591 2819 Velle

403 2855 489 2920 ad
541 2857 994 2923 Hannibalem
1041 2857 1271 2922 redire.
1361 2854 1697 2931 Ceterum,
1738 2872 1887 2917 cum
1919 2854 2050 2917 iter
2078 2859 2289 2916 tutum
2318 2874 2448 2917 non
2478 2856 2588 2931 sit,

399 2959 798 3039 vagantibus
843 2961 1097 3042 passim
1124 2978 1246 3042 per
1274 2965 1482 3022 totam
1514 2956 1813 3020 Siciliam
1846 2956 2177 3020 Romanis
2224 2957 2445 3033 armis,
2478 2976 2591 3039 pe-

401 3063 564 3138 tere,
591 3063 668 3122 ut
705 3059 1000 3143 praesidii
1049 3060 1208 3125 dent
1256 3058 1539 3143 aliquid,
1574 3061 1708 3142 quo
1752 3057 2009 3123 Locros
2046 3057 2113 3121 in
2144 3057 2411 3123 Italiam
2441 3079 2591 3142 per·

1321 3236 1681 3259 xlm·

473 3358 534 3404 16
567 3352 585 3381 ‘
608 3352 732 3403 ΡΜ.
753 3353 874 3404 Pet.
894 3352 1046 3404 voss.
1081 3358 1370 3417 pratorum.-
1405 3350 1542 3400 uude
1577 3364 1681 3403 nou
1720 3348 1942 3399 absurde
1978 3350 2272 3413 suspicatur
2301 3350 2594 3409 Salmasius,

401 3419 594 3467 comitia
637 3424 892 3479 pratorum
927 3416 1154 3467 creona&
1186 3417 1238 3469 J.
1265 3418 1327 3467 F.
1351 3417 1713 3465 (irenem—16
1762 3413 1845 3465 ΑΙ.
1883 3414 2167 3463 Deomenem
2203 3422 2259 3462 et
2301 3414 2595 3465 nioman-

409 3483 469 3529 1⁷
507 3480 731 3531 Quidam
769 3482 896 3529 Mas.
927 3486 1046 3538 nat,
1069 3480 1390 3530 Achradinam
1417 3480 1651 3529 translata
1683 3484 1773 3538 m,
1806 3479 1955 3541 prob.
1977 3477 2026 3529 J.
2051 3478 2109 3529 F.
2132 3479 2359 3528 Gronov.
2383 3490 2436 3527 et
2460 3480 2589 3529 al.—

409 3547 473 3594 18
508 3545 882 3593 obser-verentia*
903 3544 1039 3594 Edd.
1063 3554 1186 3595 ante
1209 3546 1571 3595 Graviora—19
1608 3542 1902 3593 Delendum
1931 3540 1991 3589 τὸ
2012 3540 2127 3601 qius,
2154 3551 2246 3591 aut
2267 3543 2371 3604 leg.
2393 3543 2471 3591 cui
2491 3557 2595 3593 mo·

407 3615 498 3659 net
518 3608 569 3660 J.
593 3609 652 3661 F.
678 3609 912 3660 Gronov.
941 3610 957 3638 ‘
980 3610 1177 3660 Durior
1195 3622 1318 3659 nane
1341 3608 1580 3669 omissi03
1614 3616 1670 3658 at
1692 3609 1855 3658 multo
1876 3605 2087 3670 segnior
2108 3606 2477 3672 onerosiorque
2499 3608 2597 3657 ite·

1390 3764 1607 3820 NOTAE

479 3866 496 3901 ¹
519 3867 902 3931 Ubinempecti
917 3867 1276 3919 obmurmu-
1289 3866 1466 3930 [obser-
1612 3873 1651 3900 ὓ
1682 3864 1915 3915 Pan-ame
1934 3863 2131 3927 imperio
2157 3862 2274 3927 ῥυ,
2290 3864 2423 3927 cadus
2450 3866 2595 3931 impe-

413 3944 660 4007 matur]
684 3944 890 3995 Mavult
913 3945 1146 3996 Gronov.
1167 3945 1468 3995 obversaren-
1545 3950 1683 3993 ναίον
1704 3958 1812 3993 σιω
1830 3942 2053 4005 wluaerit]
2092 3942 2208 3991 Hoc
2224 3942 2423 4004 melius,
2444 3958 2599 4008 qnam

413 4023 515 4082 tur,
535 4018 588 4069 id
607 4026 704 4076 est,
725 4034 789 4069 ne
806 4021 1127 4071 obversando
1149 4028 1206 4071 et
1221 4022 1464 4071 obambu·
1547 4020 1685 4085 quod
1709 4018 1938 4069 Gronov.
1957 4020 2088 4080 vult,
2109 4024 2197 4067 aut
2218 4018 2277 4067 τὸ
2295 4018 2396 4077 dus
2416 4017 2599 4081 deleri,

414 4092 572 4144 lando
594 4094 820 4156 suspecti
840 4093 1042 4146 fierent.
1067 4096 1171 4145 Sed
1185 4095 1314 4144 nihil
1332 4094 1466 4146 tanti
1546 4100 1637 4144 aut
1667 4094 1822 4144 scribi
1850 4093 1957 4145 eui.-
1991 4100 2073 4143 est
2102 4094 2237 4142 enim
2270 4095 2483 4157 paruisse
2509 4092 2599 4141 im·

418 4175 531 4219 est:
575 4168 734 4218 habet
767 4170 900 4220 enim
943 4184 1045 4221 non
1089 4170 1464 4221 incommodum
1539 4170 1671 4235 perio
1686 4170 1805 4233 qius,
1826 4171 1907 4233 cuj
1916 4184 1972 4219 us
1994 4170 2213 4234 imperio
2231 4181 2413 4232 parere
2437 4168 2600 4230 impe·

415 4258 622 4295 oennum
640 4243 700 4293 τὸ
721 4244 1090 4309 obtenturam,
1113 4248 1168 4299 ld
1197 4252 1302 4311 est,
1319 4254 1466 4299 nota·
1543 4253 1689 4299 rator
1709 4262 1829 4299 suun
1848 4247 2093 4312 voluerit,
2114 4258 2301 4310 nempe
2316 4242 2601 4297 Hannibal.

417 4326 598 4373 rentur
617 4326 862 4389 tanquam
883 4322 1128 4387 suspecti.
