3159 4934
1113 448 1258 496 ma.
1308 446 1566 495 xxvn..
1612 446 1779 495 σμ’.
1818 428 1927 495 23.
2428 429 2611 499 232⁸

430 608 584 655 cum
616 608 965 655 successor
993 592 1309 657 venisset.
1400 592 1593 655 Idem
1632 597 1698 654 et
1734 589 2003 655 Tubulo
2050 589 2509 675 imperatum*
2538 594 2613 653 ut

431 694 586 757 iude
615 692 950 777 praecipue
978 701 1264 769 caveret,
1293 713 1374 757 ne
1405 712 1540 777 qua
1568 711 1749 757 nova
1777 691 2065 755 consilia
2082 698 2521 772 caperentur-‚⁵

440 820 448 831 ·
513 796 622 859 23.
671 793 998 859 Praetores
1055 794 1124 857 in
1173 795 1553 875 provincias
1605 792 1900 876 profecti.
1990 791 2319 857 Consules
2376 793 2613 875 religio

432 893 932 978 tenebat,qnod,
950 894 1268 978 prodigiis
1293 896 1554 980 aliquot
1567 895 1912 972 nuntiatis,
1934 913 2061 957 nou
2083 892 2285 956 facile
2306 892 2613 959 litabant.

434 995 568 1062 Et⁶
610 1018 695 1061 ex
726 998 1097 1080 Campania
1123 997 1428 1061 nuntiata
1447 992 1678 1073 erant‚‘
1720 994 1978 1077 Capuae
2011 993 2181 1057 duas
2212 994 2421 1071 aedos,
2450 994 2617 1059 For·

435 1106 608 1165 tunae
645 1107 713 1164 et
742 1099 1008 1176 Martis,
1039 1104 1106 1162 et
1139 1100 1449 1181 sepulcra
1479 1098 1739 1181 aliquot
1770 1096 1855 1159 de
1885 1096 2075 1160 coelo.
2096 1101 2292 1159 tacta.
2383 1095 2619 1161 Cumis

434 1201 630 1277 (adeo
659 1202 948 1265 minimis
968 1208 995 1248 ⁸
1012 1201 1214 1265 etiam
1244 1202 1444 1265 rebus
1475 1219 1689 1283 prava
1716 1199 1943 1281 religio
1969 1198 2199 1261 inserit
2230 1198 2449 1275 Deos)
2476 1218 2617 1263 mu-

436 1322 539 1367 res
599 1306 668 1367 in
731 1304 875 1367 sede
915 1303 1116 1366 Jovis
1161 1320 1389 1365 aurum
1431 1302 1701 1365 rosisse.
1791 1299 2026 1365 Casini
2070 1316 2347 1363 examen
2392 1299 2619 1383 apium

437 1404 670 1487 ingens
707 1407 775 1469 in
817 1406 964 1468 foro
1001 1401 1410 1467 consedisse.
1495 1402 1582 1466 Et
1617 1401 1878 1467 Ostiae⁷
1922 1420 2177 1465 murum
2224 1408 2623 1485 portamque

438 1505 521 1568 de
552 1506 730 1569 coelo
761 1512 1034 1570 tactam.
1120 1502 1312 1568 Caere
1349 1503 1700 1567 vulturium
1737 1503 2008 1567 volasse
2038 1503 2109 1565 in
2140 1501 2287 1566 aede
2306 1501 2330 1539 ⁸
2374 1502 2418 1565 J
2426 1500 2625 1566 ονὶε.ΙΙ

439 1604 770 1670 Volsiniis
817 1604 1136 1687 sanguine
1187 1604 1408 1667 lacum
1449 1620 1783 1667 manasse.
1872 1602 2131 1665 Horum
2176 1603 2623 1687 prodigiorum

441 1726 654 1771 causa
681 1707 859 1770 diem
889 1726 1084 1771 unum
1107 1705 1508 1787 supplicatio
1539 1704 1682 1768 fuit.
1773 1703 1905 1767 Per
1928 1704 2073 1768 dies
2096 1705 2357 1787 aliquot
2384 1704 2627 1771 hostien

441 1807 730 1891 majores
775 1809 920 1871 sine
968 1806 1276 1870 litatione
1321 1805 1567 1883 caesae,¹
1609 1805 1861 1889 diuque
1908 1825 2041 1869 non
2092 1806 2447 1888 impetrata
2490 1823 2629 1889 pax

443 1907 684 1973 Deum.
775 1909 852 1973 In
886 1909 1156 1991 capita⁹
1193 1908 1560 1984 consulum,
1602 1928 1673 1971 re
1706 1909 1985 1991 publica
2012 1910 2353 1984 incolumi,
2384 1908 2631 1973 exitia-

444 2011 599 2073 bilis
627 2011 1076 2095 prodigiorum
1105 2015 1378 2075 eventus
1405 2011 1625 2075 vertit.
1687 2009 1865 2075 Ludi
1886 2012 2333 2093 Apollinares,
2363 2009 2453 2088 Q.
2472 2008 2631 2073 Ful-

443 2114 582 2189 vio,
613 2111 748 2197 Ap.
781 2112 1070 2177 Claudio
1119 2112 1529 2186 consulibus,
1569 2132 1614 2176 a
1640 2111 1721 2177 P.
1754 2112 2069 2177 Cornelio
2111 2112 2303 2177 Sulla
2345 2119 2631 2195 praetore

450 2212 655 2277 Urbis
689 2214 966 2295 primum
997 2212 1163 2276 facti
1193 2217 1396 2277 erant.
1488 2212 1660 2277 Inde
1690 2232 1925 2277 omnes
1950 2212 2277 2296 deinceps
2307 2219 2633 2295 praetores

447 2316 678 2378 urbani
710 2316 1044 2379 fecerant:
1087 2314 1208 2377 sed
1251 2314 1319 2377 in
1359 2332 1568 2377 unum
1598 2333 1843 2377 anunm
1874 2296 2507 2397 vovebantsdieque
2538 2314 2633 2377 in⁴

447 2424 629 2478 certa
655 2414 1010 2479 faciebant.
1099 2414 1203 2477 Eo
1249 2432 1424 2477 anno
1470 2414 1855 2496 pestilentia
1894 2417 2116 2497 gravis
2146 2415 2382 2480 incidit
2409 2415 2479 2479 in
2511 2414 2634 2479 Ur·
2699 2402 2708 2411 ¹

447 2516 592 2579 bem
624 2534 992 2599 agrosqu03
1036 2534 1188 2598 quae
1217 2520 1440 2578 tamen
1473 2515 1691 2595 magis
1720 2516 1791 2578 in
1836 2516 2069 2598 longos
2108 2508 2398 2594 inorboS,
2432 2534 2636 2599 quam

509 2680 526 2713 ⁸
560 2668 748 2745 Absque
765 2680 923 2743 signis
943 2679 1197 2743 propitiati
1221 2694 1305 2742 per
1323 2678 1611 2743 sacrificium
1630 2680 1852 2729 numinis.

449 2894 523 2938 ret
551 2902 645 2951 pro
666 2886 997 2951 impleret—4
1023 2884 1048 2915 ·‘
1071 2884 1203 2935 Idem
1224 2888 1271 2934 et
1298 2882 1476 2933 Tubulo
1507 2884 1623 2947 imp.
1646 2886 1775 2934 Cum
1810 2886 1935 2936 idem
1958 2886 2042 2935 vix
2070 2886 2303 2949 imperari
2335 2893 2510 2948 posset
2532 2886 2642 2935 Tu·

453 2953 591 3011 bulo,
611 2953 694 3013 qui
724 2960 830 3000 tum
871 2949 1088 3013 primum
1123 2950 1176 2996 in
1214 2949 1530 3011 provinciam
1558 2948 1885 3012 profecturus
1910 2958 2043 3011 erat,
2062 2965 2164 3013 quo
2187 2958 2418 3015 tempore
2442 2950 2507 2998 de
2532 2952 2641 3013 ejus

453 3028 752 3065 successore
783 3012 1008 3062 nondum
1037 3026 1204 3061 sermo
1232 3025 1347 3060 esse
1377 3022 1599 3076 poterat,
1631 3014 1895 3075 ingeniose
1918 3014 2032 3065 Jac.
2057 3014 2374 3071 Perizonius,
2402 3014 2571 3063 Eidem
2594 3018 2643 3064 et

459 3078 634 3129 Tubulo
667 3080 949 3139 imperatum
981 3076 1257 3139 legendum
1298 3090 1410 3125 esse
1449 3078 1742 3139 suspicatus
1770 3088 1865 3127 est.
1932 3079 2031 3127 Sed
2072 3078 2183 3127 haec
2224 3079 2380 3128 lectio
2414 3078 2643 3140 postulat

454 3156 677 3207 qnoque,
694 3149 750 3191 ut
773 3156 891 3189 niox
912 3146 1132 3189 canerent
1155 3154 1248 3203 pro
1268 3146 1454 3189 cavent
1475 3156 1591 3192 cum
1609 3142 1819 3192 Dukero
1837 3142 2121 3193 scribatur!
2144 3143 2475 3205 Doering.—6
2502 3142 2643 3193 Olim

453 3207 718 3271 legebatur
744 3206 981 3253 orirentur
1007 3219 1104 3267 pro
1124 3209 1420 3267 caperentur.

519 3276 552 3320 6
585 3270 752 3331 Vulgo
797 3278 916 3318 ante
954 3268 1122 3317 Gron.
1167 3269 1346 3317 deerat
1382 3269 1683 3331 copulativa
1716 3275 1876 3320 et.-‘!
1942 3270 2038 3319 ‘Iu
2076 3268 2375 3333 cantabrig.
2425 3270 2643 3332 primum

458 3334 631 3385 notavi
666 3334 833 3384 hortis.
898 3333 986 3381 Sic
1028 3340 1208 3395 postea
1247 3332 1352 3380 vidi
1387 3340 1583 3395 patrem
1622 3349 1688 3383 ex
1710 3334 1858 3383 Voss.
1926 3334 2029 3383 Sed
2054 3342 2109 3382 et
2130 3334 2411 3383 Salmasius
2436 3348 2498 3380 ex
2523 3335 2645 3382 Put-

455 3401 590 3458 ωἱὶε,
613 3398 792 3447 addito
827 3402 842 3425 ⁸
865 3396 978 3460 tege
1000 3395 1157 3445 ostiu!
1222 3395 1387 3445 Immo
1421 3398 1548 3447 Mss.
1581 3398 1759 3447 volunt
1783 3404 1831 3447 et
1864 3396 2035 3449 ostiis!
2069 3396 2185 3447 Jac.
2222 3397 2484 3447 Grou.-—8
2518 3404 2531 3425 ‘
2557 3396 2645 3447 Ita

457 3464 640 3527 optimi
675 3464 804 3512 Μαι.
853 3460 907 3510 in
941 3460 1088 3511 oedem
1113 3458 1266 3511 Edu)
1302 3460 1507 3525 Rupert.
1573 3462 1635 3511 In
1667 3464 1815 3512 aedem
1850 3463 2016 3513 Gron.
2054 3462 2369 3525 Doujat.-9
2402 3460 2541 3510 Olim
2574 3461 2647 3511 ita

1447 3588 1662 3639 NOTAE

527 3687 545 3722 f
578 3686 817 3737 Nuntiata
850 3682 1013 3745 erant]
1052 3684 1297 3747 Intellige
1341 3684 1513 3748 prodi·
1591 3700 1637 3737 c.
1658 3690 1741 3737 62.
1766 3694 1821 3735 et
1850 3699 1996 3735 xxxx.
2020 3700 2065 3736 c.
2094 3690 2141 3735 1.
2170 3685 2227 3735 J.
2253 3684 2479 3737 Clericus.

462 3766 564 3829 gia,
603 3778 718 3827 quae
763 3762 956 3826 Capuae
999 3762 1297 3823 contigisse,
1333 3762 1509 3812 statim
1657 3761 1682 3795 ¹¹
1716 3762 1773 3811 In
1808 3764 1910 3812 oede
1933 3758 2125 3824 [σάω]
2142 3760 2305 3823 Jovis]
2340 3760 2569 3823 Optimi.'
2594 3761 2645 3811 in

461 3848 766 3889 narrantur:
800 3838 993 3902 alioqui
1030 3836 1358 3886 scribendum
1377 3842 1511 3899 erat,
1591 3841 1693 3887 ωε
1721 3840 1876 3900 Jocis,
1899 3838 1947 3886 id
1968 3848 2063 3895 est,
2086 3839 2221 3887 iutra
2238 3837 2435 3887 πρόειπε
2462 3846 2517 3887 et
2534 3839 2645 3888 vul·

463 3930 524 3965 ex
549 3914 808 3977 Campanis
829 3915 1102 3965 nuntiatam
1119 3918 1207 3963 esc.
1596 3922 1754 3976 tures,
1788 3916 1911 3965 licet
1944 3916 1995 3963 in
2040 3913 2277 3977 auspiciis
2305 3913 2431 3963 boui
2461 3913 2645 3962 ominis

469 4010 476 4015 ·
526 3998 552 4033 s
583 3989 718 4039 Adeo
758 3990 984 4052 minimis,
1023 3987 1129 4053 qm]
1183 3988 1376 4037 Mirum
1431 3992 1515 4037 est
1593 3992 1906 4053 habeantur,
1944 4006 2097 4040 unum
2139 3998 2311 4040 tamen
2362 3990 2414 4039 iu
2450 3988 2646 4051 templo

461 4064 742 4115 falsitatem
767 4064 985 4128 prodigii
1006 4066 1174 4127 potius
1201 4078 1300 4114 uon
1317 4064 1513 4128 arguis·
1596 4071 1811 4129 votas-se,
1855 4068 2133 4116 ominonnm
2187 4065 2476 4125 videbatur,
2528 4062 2649 4126 quia

459 4154 520 4189 se
547 4139 762 4189 Livium.
830 4139 1040 4189 luteres
1061 4139 1143 4187 hie
1161 4140 1347 4187 tertius
1371 4139 1516 4187 locus
1599 4158 1803 4205 ηι-ιιιιις
1866 4142 2293 4208 quemadmodum
2358 4146 2413 4189 et
2469 4140 2647 4202 lupum

464 4222 561 4275 est,
581 4228 648 4263 ex
670 4228 772 4278 quo
792 4214 954 4279 liquet
977 4229 1078 4264 uon
1104 4228 1264 4279 usqne
1285 4214 1418 4265 ndeo
1433 4228 1517 4263 ⁸¹²-
1598 4219 1893 4286 frequentia
1924 4220 2215 4271 hominibus
2251 4219 2373 4268 locs
2411 4230 2520 4267 esse
2572 4218 2647 4267 iu·

464 4289 819 4357 pernitiosum
851 4289 1030 4339 fuisse.
1077 4290 1212 4340 Vide
1235 4291 1302 4341 ad
1335 4290 1370 4339 Ι.
1399 4302 1520 4339 xm.
1602 4288 1877 4363 gressum(

596 4381 770 4446 Delpk.
791 4386 838 4431 et
863 4380 977 4431 Ver.
1003 4380 1131 4431 Clas.
1477 4378 1663 4429 Livius.
2397 4377 2429 4422 7
2465 4372 2516 4423 N
