3159 4934
1063 443 1208 493 un.
1256 442 1512 491 xxvii.
1559 442 1724 491 cAr.
1767 424 1877 489 31.
2385 422 2557 493 2847

371 595 555 657 ratus
598 588 986 673 Philippus,
1016 588 1233 655 victos
1253 588 1502 655 'victori
1535 587 1667 653 sibi
1698 589 1865 653 ultro
1894 584 2315 653 conditiones
2336 585 2557 669 ,ferret

373 696 394 728 ‘
418 710 504 755 ne
534 698 736 757 antea
759 690 1026 774 quidem
1059 710 1134 755 se
1161 698 1282 755 aut
1310 689 1393 754 de
1420 710 1591 775 pace
1620 690 1930 768 audisse,
1950 695 2068 754 aut
2106 688 2413 755 inducias
2434 710 2559 773 pe-

372 792 668 877 pigisse,'
691 794 885 872 dixit,
901 798 1126 876 ‘spem
1150 794 1348 860 ullam
1367 794 1723 859 habentem
1745 794 2093 878 quieturos
2110 792 2408 873 AEtolos3
2438 794 2561 858 s'ed

371 905 444 961 ut
475 916 706 962 omnes
733 898 962 961 socios
987 904 1202 964 testes
1229 897 1532 976 haberet,
1561 917 1637 963 se
1658 896 1877 981 pacis,
1905 896 2065 961 illos
2088 894 2251 961 belli
2280 914 2563 961 causam

373 997 742 1082 quaesisse-³
843 999 957 1065 Ita
1009 1000 1258 1067 infecta
1309 1020 1482 1085 pace
1533 1000 1895 1066 concilium
1952 998 2225 1075 dimisit,
2278 1008 2565 1082 quatuor

373 1101 675 1165 millibus
726 1114 1126 1167 armatorum
1170 1104 1416 1169 relictis
1461 1103 1547 1169 ad
1585 1102 1975 1186 praesidium
2021 1100 2448 1179 Achaeorum‚
2493 1110 2567 1167 et

371 1204 676 1288 quinquo
697 1206 918 1287 longis
945 1206 1232 1271 navibus
1253 1205 1578 1290 acceptis.
1652 1204 1845 1283 Quas
1868 1206 1927 1269 si
1945 1204 2306 1287 adjecisset
2330 1205 2563 1269 missen

375 1325 588 1389 nuper
640 1307 728 1371 ad
775 1328 850 1371 se
895 1305 1102 1371 classi
1147 1306 1815 1390 Carthaginiensium,
1863 1315 1933 1373 et
1972 1327 2064 1371 ex
2114 1306 2435 1390 Bithynia
2475 1308 2567 1372 ab

375 1427 524 1491 rege
569 1408 818 1473 Prusia
867 1410 1290 1473 venientibus
1334 1410 1643 1487 navibus,
1690 1417 2007 1477 statuerat
2050 1410 2279 1475 navali
2328 1410 2567 1493 praelio

377 1510 710 1575 lacessere
757 1510 1121 1591 RomanoS,
1153 1510 1302 1594 jam
1340 1511 1456 1575 diu
1485 1512 1554 1575 in
1592 1532 1676 1577 ea
1706 1512 1973 1594 regione
2005 1516 2311 1593 potentes
2338 1513 2567 1575 maris·

381 1612 659 1697 Ipseab
699 1633 782 1677 eo
812 1614 1102 1679 concilio
1125 1623 1179 1653 ¹⁰
1225 1614 1442 1697 Argos
1470 1634 1813 1695 regressus
1842 1636 1855 1675 :
1899 1614 2043 1697 jam
2071 1614 2241 1678 enim
2276 1613 2573 1679 Nemeo-

377 1736 522 1779 rum
582 1717 940 1800 appetebat
988 1728 1272 1801 tempuS,
1325 1737 1480 1801 quae
1529 1718 1853 1783 celebrari
1894 1714 2165 1783 volebat
2216 1718 2571 1800 praesentia

384 1838 528 1883 sua.
1537 1844 1546 1851 ·

463 1920 570 1987 231.
617 1922 970 2007 Occupato
1001 1942 1150 2008 rege
1181 1931 1515 2007 apparatu
1543 1922 1869 1997 ludorum,
1910 1930 1981 1987 et
2022 1940 2141 2007 per
2184 1921 2329 1987 dies
2366 1920 2571 1985 festos

379 2024 713 2103 licentius,
742 2045 944 2109 quam
978 2028 1146 2091 inter
1175 2027 1331 2092 belli
1363 2035 1690 2110 tempora,
1720 2027 2091 2090 remittente
2138 2025 2454 2102 animum,
2488 2023 2571 2088 P.
2678 2102 2681 2105 ῃ

381 2127 748 2211 Sulpicius,
791 2130 880 2193 ab
932 2130 1301 2215 Naupacto
1349 2129 1724 2214 profectus,
1765 2132 2046 2195 classem
2094 2128 2357 2213 appulit
2402 2128 2575 2192 inter

381 2230 742 2313 Sicyonem
780 2240 848 2295 et
887 2230 1294 2310 Corinthum,
1337 2252 1699 2315 agrumque
1726 2232 2171 2296 nobilissimae
2203 2230 2573 2295 fertilitatis

382 2331 592 2396 effuse
622 2336 933 2398 vastavit.
1023 2334 1236 2398 Fama
1282 2334 1426 2419 ejus
1469 2336 1560 2397 rei
1608 2334 1994 2419 Philippum
2040 2334 2127 2400 ab
2165 2332 2343 2398 ludis
2390 2334 2579 2397 exci-

381 2435 513 2517 vit3
565 2438 942 2521 raptimque
987 2458 1142 2503 cum
1186 2438 1496 2523 equitatu
1528 2435 1893 2521 profectus,
1929 2436 2147 2520 jussis
2178 2438 2573 2522 subsequi¹¹

381 2540 739 2622 peditibus»,
781 2540 1042 2624 palatos
1085 2544 1342 2626 passim
1389 2560 1507 2626 per
1549 2559 1746 2625 agros
1790 2560 2155 2625 gravesque
2197 2540 2432 2624 praeda
2474 2534 2651 2625 (ut‘

273 2694 282 2703 .
384 2644 501 2726 qui
547 2642 712 2707 nihil
761 2644 894 2707 tale
942 2642 1344 2727 metuerent)
1393 2644 1665 2709 adortus
1711 2642 2089 2721 Romanoa,
2138 2644 2464 2727 compulit
2508 2645 2578 2706 in

382 2762 614 2807 naves.
707 2742 969 2807 Classis
999 2744 1333 2821 Romana,
1361 2745 1879 2828 haudquaquam
1910 2746 2071 2809 laeta
2099 2745 2353 2828 praeda,
2385 2744 2578 2809 Nau-

384 2852 658 2927 pactum
705 2844 928 2909 rediit.
1016 2846 1414 2929 Philippo¹⁸
1475 2865 1743 2929 quoque
1792 2845 2121 2923 ludorum,
2177 2848 2291 2929 qui
2344 2848 2579 2931 reliqui

388 2956 602 3025 erant,
659 2946 1112 3013 celebritatem
1157 2952 1759 3033 quarumcumque,
1801 2949 1884 3014 de
1942 2941 2275 3015 Romanis
2332 2958 2579 3029 tamen,

386 3052 689 3117 victoriae
717 3056 924 3135 partae
965 3051 1146 3116 fama
1191 3032 1527 3127 auxerat?
1570 3052 1948 3138 laetitiaque
1974 3054 2226 3137 ingenti
2256 3054 2581 3119 celebrati

388 3155 542 3219 sesti
587 3154 772 3235 dies;
817 3174 901 3219 eo
945 3155 1162 3238 magis
1203 3156 1425 3234 etiam,
1457 3156 1665 3241 quod,
1697 3156 2108 3240 populariter
2138 3156 2365 3221 demto
2398 3158 2578 3241 capi·-

389 3260 479 3322 tis
523 3258 765 3343 insigni
787 3268 812 3297 ⁶
855 3277 1277 3344 purpuraque
1305 3266 1350 3306 '³
1397 3264 1601 3342 atque
1646 3256 1783 3322 alio
1826 3258 2005 3341 regio
2050 3258 2308 3337 habitu,
2351 3278 2581 3343 aequa·
2626 3244 2631 3252 ’

307 3404 335 3425 .
390 3369 571 3427 verat
600 3360 842 3429 ceteris
873 3380 946 3425 se
973 3362 1045 3427 in
1073 3362 1369 3445 speciem
1388 3382 1404 3427 ε
1426 3370 1452 3397 ¹
1497 3381 1633 3445 quo
1662 3360 1824 3426 nihil
1852 3361 2103 3445 gratius
2145 3366 2251 3424 est
2293 3360 2584 3425 civitati·
2666 3344 2679 3353 ’

457 3538 479 3572 ⁶
515 3540 774 3591 Celeia-itas
797 3540 1000 3603 dimm,
1021 3540 1103 3604 qui
1132 3546 1409 3605 supererant
1429 3544 1494 3591 ad
1515 3542 1819 3607 perficiendos
1839 3542 1991 3603 ludos,
2010 3546 2149 3590 aucta
2168 3540 2340 3599 suerat
2360 3554 2423 3588 ex
2442 3537 2581 3599 fama
2698 3502 2707 3517 '

389 3604 620 3669 victorie,
642 3622 747 3671 quae
768 3606 859 3656 etri
875 3605 1140 3669 mediocris,
1167 3613 1322 3657 tamen
1343 3608 1691 3673 qualiscumque
1712 3612 1856 3667 esset,
1875 3610 1935 3655 de
1962 3604 2190 3654 Romanis
2207 3605 2377 3664 suerat
2409 3605 2579 3665 relata,

389 3672 513 3733 quod
532 3684 703 3736 magno
723 3672 776 3721 in
789 3672 946 3735 pretio
965 3672 1243 3722 habendum.
1692 3678 1713 3704 ⁶
1744 3672 2049 3722 Diademute.

1306 3799 1665 3820 “edoceo-9000

395 3884 732 3947 Κυμώ-10
761 3886 886 3937 Vet.
907 3886 998 3937 lib.
1024 3892 1143 3935 tent.
1169 3886 1348 3949 Sigon.
1367 3885 1470 3949 ipse
1489 3884 1651 3934 habito
1673 3883 1885 3935 menia.
2130 3914 2135 3919 ·

459 3954 486 3999 1
499 3955 522 3999 1
557 3950 679 4001 Vet-
699 3951 789 4001 lib.
807 3959 930 4001 teat.
953 3952 1134 4016 Sigon.
1150 3950 1306 4011 ,imis
1324 3964 1374 3999 ee
1389 3951 1650 4013 subsequi..
1692 3949 1819 4000 Mox
1838 3947 1931 3997 inf.
1962 3948 2179 4012 eampum
2199 3950 2264 3999 ad
2282 3961 2429 3997 naves
2450 3944 2579 3995 Edd-

397 4024 522 4065 aute
543 4013 840 4067 Gron.—l2
872 4017 887 4044 ‘
915 4016 1020 4069 Pro
1043 4016 1266 4080 Philippo
1291 4024 1420 4066 vett.
1461 4016 1607 4064 librr.
1642 4010 1868 4065 offerunt
1891 4014 2161 4079 Philippus,
2185 4014 2263 4063 vel
2282 4011 2583 4075 Philippum

1377 4154 1603 4207 NOTA-3

463 4262 490 4289 ²⁸
525 4256 816 4319 AEquavemt
850 4254 1024 4304 ceter-is
1064 4268 1114 4305 σε
1155 4254 1210 4305 in
1253 4254 1454 4317 speciem
1531 4258 1666 4303 verat
1685 4252 1803 4305 civis
1816 4268 1867 4305 κ
1888 4253 1941 4303 in
1960 4252 2174 4317 speciem.

399 4330 592 4395 [ceteris
603 4332 656 4381 in
668 4330 886 4399 speciem]
909 4330 1064 4381 Colb.
1082 4331 1282 4395 melior,
1300 4346 1457 4395 ‹equa-
