3159 4934
585 391 752 459 1914
1515 405 1581 452 τ.
1634 404 1821 457 mvn

580 558 684 616 tor
712 551 1045 614 cernebat.
1133 547 1468 626 Ceterum,
1510 567 1662 612 cum
1700 555 1822 612 aut
1858 566 2063 630 poena
2110 544 2529 612 cohibendus
2566 551 2774 622 esset,

580 660 699 716 aut
752 650 1081 714 beneficio
1133 649 1622 726 concilianduS,
1671 649 1803 712 sibi
1858 648 2281 726 assumsisse,
2330 666 2534 730 quam
2582 646 2769 710 hosti

581 752 942 830 ademisse,
981 753 1219 815 fortem
1263 771 1346 815 ac
1397 759 1733 816 strenuum
1762 751 1997 814 maluit
2030 750 2312 826 socium,
2342 750 2775 830 accitumque

583 854 670 918 ad
703 873 776 918 se
819 853 1096 935 benigne
1141 847 1481 936 appellat:
1529 857 1551 887 ‘
1576 851 1841 915 Multos
1870 871 2023 914 eum
2052 850 2319 916 invidos
2350 851 2519 914 inter
2550 867 2777 933 popu-

577 955 755 1020 lares
788 954 1048 1031 babere,
1079 953 1236 1018 inde
1278 955 1669 1018 existimatu
1704 953 1906 1018 facile
1952 971 2129 1030 esse,
2161 951 2341 1035 quod
2372 969 2565 1015 nemo
2594 951 2771 1016 civis

583 1054 897 1119 Nolanus
925 1055 1059 1118 sibi
1086 1054 1508 1132 indicaverit,
1533 1075 1735 1138 quam
1762 1055 1973 1119 multa
2002 1055 2151 1138 ejus
2182 1054 2443 1135 egregia
2474 1053 2773 1116 facinora

583 1154 902 1222 militaria
931 1162 1176 1220 essent.
1261 1155 1419 1234 Sed,
1461 1158 1580 1238 qui
1616 1157 1683 1219 iu
1730 1155 2063 1220 Romanis
2090 1154 2477 1218 militaverit
2504 1152 2771 1230 castris,

580 1276 715 1322 non
759 1275 964 1340 posse
993 1257 1350 1320 obscuram
1399 1255 1546 1340 ejus
1577 1257 1887 1321 virtutem
1918 1275 2092 1322 esse.
2182 1255 2443 1320 Multos
2472 1255 2626 1331 sibi,
2656 1256 2773 1337 qui

583 1377 733 1422 cnm
771 1377 854 1422 eo
897 1357 1234 1440 stipendia
1279 1358 1575 1435 fecerint,
1607 1359 1865 1436 referre,
1911 1360 2029 1441 qui
2060 1360 2161 1423 vir
2198 1365 2383 1422 esset
2411 1357 2553 1436 ine,-
2586 1374 2771 1439 quee-

583 1477 716 1542 que
753 1465 820 1525 et
849 1459 1112 1540 quoties
1144 1457 1448 1542 pericula
1486 1478 1611 1541 pro
1643 1459 1859 1523 salute
1891 1478 1975 1523 ac
2018 1458 2337 1540 dignitate
2365 1456 2598 1541 populi
2630 1454 2772 1520 Ro—

579 1559 762 1623 mani
811 1559 1107 1624 adisset:
1167 1559 1401 1642 utique
1449 1559 1787 1624 Cannensi
1826 1559 2063 1642 praelio
2108 1578 2243 1622 non
2288 1558 2473 1641 prius
2502 1562 2771 1640 pugua5

583 1659 943 1736 abstiterit,
995 1679 1196 1745 quam
1237 1680 1450 1744 prope
1492 1662 1855 1742 exsanguis
1896 1660 2088 1724 ruina
2140 1657 2771 1743 superincidentium

579 1759 894 1838 virorum,
943 1779 1288 1843 equorum,
1334 1779 1802 1844 armorumque
1863 1758 2002 1824 sit⁶
2060 1777 2440 1842 oppressus.
2527 1756 2772 1842 Itaque

581 1867 800 1924 macte
851 1860 1096 1924 virtute
1143 1859 1336 1936 esto,’
1383 1860 1619 1942 inquit.
1710 1864 1731 1893 ‘
1755 1859 1963 1944 Apud
2012 1880 2119 1925 me
2152 1862 2275 1925 tibi
2313 1861 2531 1925 omnis
2560 1861 2775 1926 honos

582 1965 788 2042 atque
847 1979 1040 2024 omne
1095 1961 1448 2042 praemium
1493 1960 1657 2024 erit:
1728 1969 1817 2038 et,
1862 1981 2013 2044 quo.
2052 1962 2461 2046 frequentior
2504 1981 2777 2028 mecum

578 2059 806 2138 fueris,
859 2060 1108 2125 senties
1159 2079 1308 2125 eam
1357 2080 1500 2125 rem
1545 2060 1668 2124 tibi
1721 2060 2027 2142 dignitati
2086 2067 2283 2146 atque
2328 2062 2774 2128 emolumento

581 2159 780 2226 esse.'
865 2161 1192 2242 Laetoque
1241 2159 1478 2243 juveni
1534 2162 1883 2244 promissis
1930 2180 2177 2246 equum
2230 2164 2542 2227 eximium
2596 2164 2776 2230 dono

556 2261 724 2338 dat,
767 2262 1172 2344 bigatosque
1216 2263 1607 2344 quingentos
1630 2273 1656 2310 P
1702 2269 2105 2346 quaestorem
2150 2283 2493 2330 numerare
2532 2265 2771 2349 jubet:

577 2362 924 2426 lictoribus
945 2363 1256 2448 imperat,
1285 2370 1365 2427 ut
1393 2383 1544 2428 eum
1577 2382 1659 2426 se·
1682 2363 1891 2442 adire,
1918 2366 2181 2448 quoties
2209 2367 2389 2442 velit,
2417 2367 2775 2449 patiantur.

665 2461 773 2526 16.
821 2461 980 2526 Hac
1011 2463 1330 2526 comitate
1361 2462 1677 2528 Marcelli
1718 2464 1959 2530 ferocis
1998 2465 2269 2551 juvenis
2312 2468 2572 2532 animus
2601 2468 2777 2533 adeo

581 2569 684 2627 est
713 2562 1036 2638 mollituS,
1069 2568 1145 2626 ut
1170 2582 1370 2628 nemo
1403 2565 1560 2628 inde
1590 2566 1927 2630 sociorum
1958 2586 2098 2632 rem
2132 2569 2505 2634 Romanam
2538 2570 2776 2634 fortius

582 2683 666 2727 ac
693 2663 958 2728 fidelius
979 2664 1256 2745 juverit.
1341 2663 1510 2728 Cum
1557 2665 1905 2732 Hannibal
1945 2668 2031 2732 ad
2084 2676 2311 2752 portas
2342 2677 2543 2748 esset,
2590 2669 2789 2755 (No--

578 2764 714 2828 lam
762 2764 940 2828 enim
989 2782 1218 2830 rursus
1260 2784 1303 2828 a
1335 2763 1635 2833 Nuceria
1688 2777 2030 2834 moverat⁷
2088 2773 2364 2848 castra,)
2414 2771 2779 2855 plebesque

583 2865 861 2932 Nolana
881 2865 966 2929 de
995 2867 1246 2947 integro
1277 2866 1363 2929 ad
1394 2866 1839 2934 defectionem
1868 2879 2230 2954 spectaret,
2258 2870 2618 2936 Marcellus
2649 2874 2776 2938 sub

580 2965 942 3029 adventum
965 2963 1256 3028 hostium
1293 2967 1466 3030 intra
1497 2987 1721 3033 muros
1752 2988 1828 3033 se
1859 2973 2156 3056 recepit;
2198 2993 2333 3038 non
2355 2973 2600 3038 castris
2641 2992 2775 3039 me-

579 3071 800 3141 tuens,
831 3063 952 3127 sed
994 3083 1076 3128 ne
1122 3064 1488 3146 prodendae
1537 3069 1721 3134 urbis
1752 3072 2180 3137 occasionem
2211 3074 2407 3139 nimis
2437 3075 2672 3141 multis
2702 3077 2771 3138 in

579 3185 732 3230 eam
767 3166 1308 3230 imminentibus¹
1347 3167 1556 3233 daret.
1645 3169 1899 3237 Instrui
1936 3172 2175 3238 deinde
2218 3176 2549 3259 utrimque
2592 3177 2775 3242 acies

582 3273 850 3351 coeptae,
903 3267 1356 3334 Romanorum
1409 3291 1531 3353 pro
1569 3273 1903 3339 moenibus
1956 3273 2181 3353 Nolae,
2231 3276 2595 3343 Poenorum
2626 3284 2775 3342 ante

642 3444 666 3470 ⁸
694 3439 814 3488 Cion
829 3441 1027 3503 plurimi
1047 3455 1108 3492 ex
1133 3443 1325 3494 Nolana
1342 3445 1475 3508 plebe
1495 3459 1598 3494 eam
1618 3443 1955 3514 (occasionem)
1974 3454 2235 3514 captarent.

1496 3581 1863 3610 OONmMOOO

575 3678 607 3724 8
643 3674 783 3725 Olim
801 3676 1090 3740 legebatur,
1111 3695 1236 3728 nunc
1255 3680 1301 3728 εἰ
1320 3694 1377 3728 ea
1396 3680 1474 3730 die
1485 3681 1537 3740 s.
1557 3683 1707 3732 d.-4
1743 3684 1825 3734 ΑΙ.
1846 3700 1903 3734 ea
1922 3692 2197 3752 tempestate
2212 3692 2641 3743 nobilissimum—6
2690 3689 2773 3742 ΑΙ.

583 3739 823 3789 Cannensi
836 3755 1002 3804 pugna
1023 3757 1117 3792 non
1133 3744 1268 3806 prius
1281 3744 1571 3807 praelim—6
1604 3746 1862 3799 Armorum
1881 3751 1947 3801 sit
1972 3753 2205 3806 Crevier.
2627 3788 2634 3795 ·

1565 3908 1791 3961 NOTAE

643 4003 672 4037 Ρ
706 3996 1002 4061 Bigatooque
1032 3999 1335 4063 quingentae]
1373 4002 1522 4054 Dicti
1545 4004 1640 4054 Bi·
1720 4007 1839 4058 rios.
1904 4010 2186 4074 Quingenti
2226 4021 2401 4062 autem
2434 4013 2651 4065 denarii·
2678 4017 2769 4065 bo·

575 4073 687 4133 goti
708 4074 785 4136 uti
820 4075 1117 4139 quadrigati
1147 4078 1339 4126 nummi
1360 4092 1393 4127 a
1415 4087 1536 4129 nota
1561 4078 1639 4129 bi·
1720 4081 1916 4134 diernae
1942 4086 2079 4150 apud
2112 4101 2205 4136 nos
2230 4097 2449 4137 moneta
2473 4091 2772 4156 aequipolle·

578 4162 756 4211 garum
787 4155 842 4200 et
866 4151 1230 4215 quadrigarum
1261 4154 1335 4204 eis
1369 4156 1637 4220 impressa,
1717 4169 1834 4210 rent
1856 4160 2004 4211 libris
2028 4159 2195 4212 ferme
2220 4162 2478 4214 ducentis.

581 4225 758 4288 quales
793 4226 978 4278 multos
1012 4228 1181 4279 adbuc
1215 4227 1442 4280 videmus
1476 4231 1634 4282 dena·
