3159 4934
1137 450 1280 498 mn.
1327 449 1565 499 xxm.
1611 448 1779 499 ου.
1820 434 1931 501 43.
2446 432 2619 500 1969

427 592 645 659 landis
686 596 756 658 et
791 591 1067 657 militem
1113 612 1312 657 sunm
1350 594 1765 677 repleturum
1808 614 1903 671 se,
1934 599 2005 658 et
2049 600 2231 657 metu
2262 594 2501 676 procul
2528 596 2615 659 ab

427 696 516 759 iis
563 701 1042 769 summoturum
1087 696 1367 761 hostes!
1455 697 1665 775 Quod
1704 698 1791 763 ad
1830 697 2081 761 bellum
2114 695 2497 760 Romanum
2526 703 2621 760 at-

430 798 694 873 tineret,
745 797 808 861 si
855 797 1234 863 Trasimeni
1277 816 1480 881 quam
1533 798 1823 877 Trebiae,
1868 799 1927 863 si
1972 797 2353 863 Cannarum
2417 818 2619 881 quam

427 898 808 965 Trasimeni
830 918 1054 981 pugna
1081 900 1372 964 nobilior
1399 906 1621 978 esset;
1667 899 2045 965 Cannarum
2078 919 2153 963 se
2184 919 2452 983 quoque
2482 920 2621 964 me-

431 1000 708 1065 moriam
761 1001 1112 1066 obscuram
1163 1000 1414 1085 majore
1463 1008 1529 1067 et
1579 1003 1863 1069 clariore
1918 1002 2197 1067 victoria
2246 1002 2621 1067 facturum!

433 1100 602 1167 Cum
645 1101 776 1167 hoc
815 1122 1145 1185 responso
1185 1102 1705 1189 muneribusque
1750 1104 1999 1187 amplis
2041 1104 2297 1185 legatos
2344 1104 2623 1168 dimisit.

433 1204 621 1287 Ipse,
653 1204 972 1287 praesidio
1014 1205 1284 1269 modico
1321 1204 1552 1270 relicto
1580 1206 1651 1269 in
1676 1204 1947 1284 Tifatis,
1978 1204 2317 1289 profectus
2346 1211 2575 1269 cetero
2598 1212 2623 1241 ²

433 1306 738 1371 exercitu
784 1306 878 1370 ire
931 1305 1180 1374 Nolam
1229 1305 1464 1390 pergit.
1571 1305 1825 1371 Eodem
1876 1307 2127 1371 Hanno
2180 1326 2267 1371 ex
2319 1305 2626 1383 Bruttiis,

436 1427 588 1474 cum
647 1408 1119 1489 supplemento
1179 1406 1581 1490 Cartbagine
1640 1408 1925 1473 advecto
1978 1416 2181 1491 atque
2232 1408 2625 1491 elephantis,

437 1510 642 1573 venit.
751 1506 1012 1572 Castris
1031 1516 1052 1555 ³
1112 1508 1288 1573 haud
1343 1500 1585 1592 procul
1641 1509 1915 1592 positis,
1967 1509 2163 1591 longe
2214 1509 2349 1573 alia
2400 1509 2628 1573 omnia

436 1610 794 1693 inquirenti
839 1618 1184 1693 comperta
1233 1617 1410 1687 sunt,
1460 1629 1665 1694 quam
1714 1631 1868 1694 quae
1918 1630 1959 1675 a
2002 1610 2249 1691 legatis
2291 1611 2629 1675 sociorum

438 1711 755 1777 audierat.
843 1711 1036 1777 Nihil
1085 1712 1262 1776 enim
1309 1711 1675 1778 Marcellus
1722 1712 1822 1776 ita
1867 1713 2163 1794 gerebat,
2212 1718 2286 1775 ut
2338 1717 2455 1776 aut
2498 1712 2629 1775 for-

437 1820 637 1891 tunoe,
680 1820 800 1877 aut
841 1819 1086 1878 temere
1129 1812 1310 1878 hosti
1357 1812 1789 1878 commissum
1836 1812 1971 1877 dici
2017 1819 2281 1895 posset.
2368 1810 2629 1895 Explo-

437 1920 587 1977 rato
643 1932 792 1977 cum
849 1913 1238 1997 firmisque⁴
1293 1913 1649 1996 praesidiis,
1705 1918 1851 1979 tuto
1910 1921 2207 1997 receptu,
2256 1912 2629 1997 praedatum

438 2014 643 2095 ierat3
687 2017 1067 2099 omniaque,
1116 2017 1301 2081 velut
1347 2016 1667 2081 adversus
1688 2028 1695 2037 ·
1714 2024 2112 2099 proesentem
2162 2015 2629 2092 Hannibalem,

440 2124 647 2179 cauta
691 2118 1094 2199 provisaque
1132 2118 1438 2180 suerunt!
1459 2122 1484 2161 ⁵
1570 2117 1771 2193 Tum,
1799 2118 1917 2180 ubi
1960 2116 2169 2181 sensit
2204 2115 2471 2181 hostem
2512 2115 2631 2180 ad-

445 2223 726 2287 ventare,
759 2216 992 2299 copias
1035 2217 1208 2280 intra
1247 2216 1498 2281 moenia
1533 2218 1781 2281 tenuit=
1822 2236 1943 2300 per
1973 2236 2195 2282 muros
2224 2218 2633 2283 inambulare

447 2324 790 2403 senatores
834 2316 1142 2382 Nolanos
1176 2316 1405 2400 jussit,
1453 2324 1524 2382 et
1564 2319 1789 2384 omnia
1836 2319 2019 2383 circa
2063 2319 2437 2402 explorare,
2478 2336 2633 2401 quae

442 2419 630 2501 apud
673 2419 900 2483 hostes
942 2417 1196 2484 fierent.
1284 2418 1394 2483 Ex
1436 2418 1525 2484 iis
1571 2420 1848 2501 Hanno,
1879 2440 2031 2486 cum
2062 2421 2149 2486 ad
2180 2440 2441 2485 murum
2484 2439 2634 2484 suc-

445 2521 784 2599 cessisset,
817 2520 1233 2587 Herennium
1271 2521 1564 2587 Bassum
1601 2530 1671 2589 et
1699 2522 1981 2589 Herium
2009 2521 2353 2599 Pettium,⁶
2380 2522 2467 2587 ad
2495 2521 2636 2585 col-

445 2623 744 2707 loquium
790 2630 1114 2688 evocatos
1156 2623 1626 2707 permissuque
1666 2624 1975 2689 Marcelli
2013 2642 2345 2705 egressos,
2375 2642 2497 2707 per
2538 2623 2636 2685 in-

445 2731 794 2809 terpretem
843 2725 1221 2809 alloquitur.
1338 2723 1747 2789 Hannibalis
1799 2726 2110 2789 virtutem
2158 2722 2635 2808 fortunamque

449 2827 742 2893 extollit:
788 2826 1024 2911 populi
1064 2825 1358 2891 Romani
1401 2825 1647 2890 obterit
1690 2834 2135 2889 senescentem
2184 2844 2333 2887 cum
2382 2823 2638 2888 viribus

451 2928 898 3011 majestatem.
987 2932 1009 2961 ‘
1041 2926 1218 3007 Quae
1263 2927 1325 2992 si
1361 2928 1559 3009 paria
1586 2934 1837 3003 essent,
1864 2932 1942 2989 ut
1967 2925 2301 3009 quondam
2332 2925 2637 3002 fuissent,

454 3040 668 3095 tamen
711 3030 1034 3115 expertis,
1060 3047 1262 3113 quam
1304 3046 1508 3111 grave
1550 3026 1935 3093 Romanum
1980 3026 2381 3110 imperium⁰
2410 3025 2641 3103 sociis,

516 3224 542 3293 ⁸1
577 3216 698 3293 Fore
718 3221 840 3293 περί
863 3216 1042 3265 milites
1060 3230 1168 3265 suo·
1193 3216 1358 3278 preda
1381 3215 1649 3279 locupletet,
1682 3220 1732 3264 et
1766 3202 1953 3265 ateriae
1986 3228 2019 3263 a
2055 3212 2349 3262 Sannitibus
2384 3210 2641 3274 Romam,

461 3294 542 3379 φῇ
561 3285 1240 3393 ffiautczftffsmssffationm
1259 3342 1470 3392 omnibu
1489 3343 1542 3391 in
1562 3340 1699 3391 rebus
1719 3340 2019 3406 adhibuerat,
2038 3346 2181 3404 atque
2200 3340 2275 3389 ita
2290 3338 2485 3403 provide
2505 3352 2643 3387 cunc·

455 3410 521 3457 tis
539 3412 865 3473 prospexerat,
889 3413 1114 3472 tanqum
1132 3408 1178 3456 ui
1189 3420 1398 3471 praem
1418 3406 1669 3457 Hannibal
1686 3406 1928 3473 affuisset.

1364 3532 1734 3555 «commeo»

523 3642 548 3686 l
587 3634 739 3700 conj.
762 3635 984 3698 Rupert.
1021 3632 1328 3683 Indicandoem
1360 3634 1540 3683 cladem
1559 3632 1613 3692 s.
1643 3634 1795 3696 p.—2
1827 3628 1846 3659 ‘
1868 3632 1991 3679 Cum
2021 3632 2174 3676 cetero
2212 3623 2346 3674 Edd.
2379 3633 2499 3674 ante
2526 3625 2645 3677 Jac.

456 3702 690 3752 Gronov.
733 3700 926 3764 preter
965 3698 1362 3763 antiquissimas,
1411 3697 1464 3746 ln
1509 3698 1697 3762 quibus
1740 3696 1893 3745 etiam
1941 3690 2243 3756 praepositio
2284 3688 2647 3739 desideratur!

459 3766 744 3817 Suom-8
778 3764 858 3814 10⁸·
875 3764 1048 3813 eastris
1069 3762 1204 3812 Edd.
1225 3768 1348 3812 ante
1369 3761 1700 3812 Gronov-4
1723 3760 1871 3809 Voss.
1894 3759 2157 3833 Explorato
2176 3754 2647 3841 minsis-nisque.—

459 3835 489 3879 5
523 3837 538 3859 ⁴
563 3831 668 3881 Pro
690 3830 889 3893 sumat
923 3836 1068 3879 recte
1087 3826 1290 3886 sacrm
1322 3824 1601 3891 legendum
1638 3838 1755 3875 esse
1788 3832 1970 3875 censet
1990 3823 2301 3871 Crevierms.
2346 3821 2649 3879 During.—

1449 3970 1498 4021 N
1503 3968 1667 4020 0⁹1·AE

527 4076 550 4101 ⁰
586 4070 740 4125 Qum
771 4082 916 4129 grove
955 4069 1216 4117 Remum
1247 4064 1522 4129 imperinm]
1600 4066 1721 4115 ritis
1758 4071 1815 4113 et
1852 4062 2065 4112 libidine
2104 4060 2493 4123 magistratuum
2534 4072 2649 4121 pro-

465 4147 764 4209 Qnanqnam
785 4145 882 4195 boe
904 4144 970 4194 ab
995 4144 1248 4195 Hannone
1261 4142 1518 4192 &mano-
1599 4139 1892 4191 vineialium
1914 4146 2063 4199 erat3
2094 4137 2239 4202 eujus
2278 4136 2353 4184 rei
2388 4134 2652 4197 specimen

467 4236 576 4270 rum
601 4220 747 4269 hoste
780 4220 1002 4283 dicatur,
1027 4234 1146 4269 vere
1186 4226 1359 4269 tamen
1393 4216 1520 4267 dici·
1598 4218 1783 4282 ingens
1804 4214 1857 4266 ln
1880 4226 1981 4265 uno
2003 4213 2170 4263 Verre
2199 4208 2427 4261 ostendit
2446 4208 2651 4260 Cicero.

467 4307 568 4349 tur.
605 4298 672 4348 1⁴21
696 4309 854 4361 grave
873 4296 1176 4362 plerumque
1195 4308 1378 4347 revera
1399 4306 1519 4347 ava·
