3159 4934
599 445 772 514 2190
1529 460 1601 512 ⁷1·-
1648 458 1843 512 mvn

599 601 897 679 fecerint,
928 601 1250 685 repetite3
1297 605 1367 665 ut
1399 619 1488 664 ex
1519 619 1627 678 eo,
1662 599 1823 684 quid
1856 599 2165 685 speretis,
2204 597 2534 663 babeatis.
2632 595 2843 662 Cum

599 703 816 768 hostis
892 702 1264 784 alienigena
1315 700 1387 765 in
1449 700 1654 766 Italia
1708 705 1893 794 esset
1940 707 2007 765 et
2056 697 2409 774 Hannibal
2451 698 2707 776 bostis,
2756 703 2843 762 et

601 809 848 870 cuncta
886 803 1070 868 bello
1102 802 1424 880 arderent,
1455 801 1730 866 omissis
1765 802 2100 880 omnibus,
2128 800 2385 866 omisso
2414 801 2569 884 ipso
2616 800 2845 864 Han-

597 905 841 984 nibale,
875 906 1074 971 ambo
1105 905 1416 968 consules
1445 911 1516 967 et
1557 902 1693 967 duo
1730 903 2117 966 consulares
2160 901 2494 968 exercitus
2534 901 2627 964 ad
2670 899 2835 964 Ga-

596 1026 798 1090 puam
853 1005 1370 1090 oppugnandam
1425 1003 1769 1069 miserunt.
1856 1001 2161 1068 Alterum
2215 1021 2463 1066 annum
2518 1001 2829 1066 circum-

489 1153 496 1160 ·
595 1109 886 1174 vallatos
917 1109 1351 1192 inclusosque
1393 1125 1518 1171 nos
1552 1105 1731 1170 fame
1763 1112 2128 1182 macerant,
2168 1113 2240 1168 et
2278 1103 2418 1186 ipsi
2445 1103 2825 1168 nobiscum

595 1209 830 1276 ultima
879 1209 1174 1293 pericula
1227 1228 1308 1274 ac
1333 1207 1384 1248 ¹⁸
1431 1206 1864 1290 gravissimos
1908 1205 2173 1270 labores
2208 1205 2560 1289 perpessi,
2622 1205 2823 1269 circa

595 1309 846 1376 vallum
888 1330 975 1375 ac
1021 1311 1241 1375 fossas
1293 1328 1483 1393 saepe
1529 1308 1867 1383 trucidati,
1920 1316 1993 1372 et
2035 1325 2244 1391 prope
2290 1306 2379 1371 ad
2418 1313 2821 1371 extremum

593 1412 837 1477 castris
869 1413 1080 1476 exuti.
1139 1411 1277 1477 Sed
1301 1412 1543 1477 omitto
1563 1411 1735 1476 haec.
1796 1409 2016 1474 Vetus
2046 1417 2249 1493 atque
2270 1407 2517 1474 usitata
2538 1427 2645 1472 res
2672 1415 2819 1476 est,

591 1515 661 1578 in
689 1513 1136 1598 oppugnanda
1157 1512 1440 1579 bostium
1463 1515 1630 1578 urbe
1649 1513 1918 1577 labores
1942 1531 2024 1575 ac
2054 1509 2353 1595 pericula
2382 1509 2553 1593 pati.
2617 1508 2814 1574 Illud

591 1615 712 1682 irae
755 1624 964 1700 atque
997 1616 1138 1681 odii
1165 1614 1570 1681 execrabilis
1613 1614 1933 1680 indicium
1964 1618 2091 1678 est.
2177 1609 2523 1676 Hannibal
2566 1611 2813 1694 ingen-

593 1717 774 1784 tibus
805 1718 1028 1801 copiis
1076 1716 1372 1801 peditum
1417 1719 1856 1801 equitumque
1894 1722 2121 1780 castra
2153 1712 2585 1797 oppugnavit,
2614 1717 2683 1777 et
2705 1732 2811 1777 ex

590 1826 781 1902 parte
817 1818 1037 1902 cepit:
1083 1823 1269 1883 tanto
1305 1817 1611 1900 periculo
1660 1817 1827 1881 nibil
1877 1815 2045 1881 moti
2096 1819 2251 1880 suut
2288 1815 2375 1878 ab
2420 1813 2805 1879 obsidione.

592 1919 948 1984 Profectus
977 1925 1154 1982 trans
1185 1917 1591 1984 Vulturnum
1620 1918 1911 2002 perussit
1940 1917 2267 1983 Calenum
2306 1934 2581 1998 agrum:
2626 1915 2807 1980 nihil

591 2027 781 2086 tanta
805 2021 1142 2085 sociorum
1175 2019 1373 2085 clade
1414 2019 1683 2084 avocati
1724 2026 1901 2084 sunt.
1993 2018 2106 2084 Ad
2138 2019 2360 2102 ipsam
2388 2017 2620 2082 urbem
2651 2016 2803 2082 Ro-

589 2139 768 2187 mam
792 2121 1032 2186 infesta
1063 2121 1254 2204 signa
1290 2121 1442 2186 ferri
1476 2120 1707 2206 jussit·
1792 2119 1966 2187 Eam
2007 2139 2281 2204 quoque
2324 2125 2801 2202 tempestatem

585 2224 1034 2288 imminentem
1065 2229 1480 2306 spreverunt.
1567 2222 2063 2305 Transgressus
2089 2205 2445 2298 A'nienem,
2480 2221 2605 2286 tria
2644 2221 2796 2286 mil-

580 2325 676 2391 lia
723 2342 1046 2407 passuum
1091 2325 1180 2389 ab
1223 2323 1406 2389 Urbe
1449 2330 1678 2390 castra
1728 2324 1991 2407 posuit:
2039 2329 2371 2408 postremo
2415 2322 2502 2386 ad
2538 2323 2795 2388 moenia

584 2413 740 2510 ipsa
763 2432 830 2492 et
851 2425 938 2489 ad
967 2429 1198 2507 portas
1226 2425 1541 2490 accessit.
1628 2424 1924 2491 Romam
1952 2445 2028 2490 se
2055 2425 2472 2490 ademturum
2504 2424 2632 2504 eis,
2656 2424 2791 2490 nisi

581 2526 958 2592 omitterent
978 2525 1308 2610 Capuam,
1338 2523 1647 2590 ostendit.
1712 2525 1871 2591 Non
1886 2527 2326 2592 omiserunt.¹⁹
2393 2527 2601 2590 Feras
2630 2527 2787 2592 bes-

581 2628 744 2704 tias,
768 2647 953 2693 caeco
976 2630 1231 2712 impetu
1263 2647 1346 2693 ac
1377 2627 1562 2692 rabie
1588 2626 1988 2704 concitatas,
2018 2627 2077 2690 si
2108 2628 2195 2692 ad
2228 2627 2485 2693 cubilia
2508 2634 2575 2693 et
2601 2636 2786 2693 catu-

580 2729 688 2794 los
715 2748 944 2796 earum
973 2730 1072 2794 ire
1099 2747 1365 2813 pergas,
1397 2729 1485 2794 ad
1517 2748 1721 2813 opem
1752 2729 1901 2795 suis
1931 2729 2270 2796 ferendam
2300 2737 2595 2796 avertas.
2639 2729 2785 2795 Ro-

578 2851 819 2897 manos
851 2831 1078 2898 Roma
1099 2832 1572 2908 circumsessa,
1605 2831 1951 2917 conjuges,
1992 2832 2213 2910 liberi,
2243 2851 2530 2916 quorum
2559 2832 2781 2915 plora-

581 2941 694 3000 tus
723 2934 882 2998 hinc
901 2941 958 2972 ²0
1003 2953 1215 3016 prope
1257 2932 1813 3012 exaudiebantur,
1845 2953 2005 3008 arae,
2037 2932 2194 3006 foci,
2230 2933 2445 3000 Deum
2475 2933 2779 3010 delubra,

565 3035 894 3117 sepulcra
921 3034 1253 3117 majorum
1283 3040 1616 3098 temerata
1644 3051 1729 3098 ac
1757 3033 2034 3112 violata,
2065 3054 2107 3099 a
2136 3035 2380 3120 Capua
2420 3054 2556 3100 non
2602 3054 2777 3100 aver-

577 3140 828 3199 terunt:
871 3139 1056 3198 tanta
1095 3131 1391 3198 aviditas
1431 3133 1753 3216 supplicii
1797 3137 2185 3220 expetendi,
2214 3143 2409 3200 tanta
2434 3136 2775 3220 sanguinis

577 3239 793 3302 nostri
820 3237 1165 3303 hauriendi
1191 3242 1297 3302 est
1323 3237 1494 3302 sitis·
1586 3237 1655 3303 N
1660 3259 1741 3304 ec
1768 3238 2013 3324 injuria
2040 3239 2347 3306 forsitan.
2437 3241 2587 3306 Nos
2616 3261 2771 3324 quo-

579 3359 712 3424 que
735 3339 909 3405 idem
939 3339 1356 3416 fecissemus,
1385 3339 1446 3404 si
1472 3338 1633 3404 data
1661 3339 1929 3405 fortuna
1956 3346 2164 3406 esset.
2252 3341 2491 3424 Itaque
2512 3343 2773 3426 quando

577 3441 765 3508 aliter
795 3443 948 3508 Diis
971 3441 1460 3508 immortalibus
1490 3441 1707 3506 visum
1738 3451 1863 3520 est,
1904 3462 2055 3508 cum
2084 3449 2361 3508 mortem
2394 3463 2480 3507 ne
2509 3463 2771 3509 recusa-

575 3565 646 3609 re
675 3544 946 3630 quidem
975 3545 1298 3625 debeam3
1342 3543 1676 3609 cruciatus
1706 3545 2302 3628 contumeliasque,
2330 3564 2502 3628 quas
2548 3552 2769 3628 sperat

571 3645 811 3724 bostis,
856 3645 1014 3709 dum
1062 3644 1250 3724 liber,
1295 3645 1452 3709 dum
1510 3645 1641 3708 mei
1684 3651 1927 3729 potens
1972 3665 2141 3726 sum,
2200 3645 2490 3728 effugere
2537 3653 2763 3724 morte,

573 3749 1018 3828 praeterquam
1047 3744 1358 3823 honesta,
1387 3744 1593 3810 etiam
1622 3745 1783 3823 leni,
1812 3765 2110 3832 possum.
2168 3746 2332 3812 Non
2364 3747 2606 3813 videbo
2636 3747 2765 3833 Ap.

575 3845 930 3911 Claudium
959 3852 1027 3911 et
1055 3846 1144 3926 Q.
1175 3846 1514 3927 Fulvium,
1547 3848 1835 3915 victoria
1849 3847 2167 3914 insolenti
2200 3849 2539 3925 subnisos,
2563 3869 2766 3934 neque

575 3949 840 4013 vinctus
869 3967 987 4030 per
1015 3949 1242 4026 urbem
1272 3947 1653 4014 Romanam
1684 3949 1996 4033 triumphi
2026 3948 2492 4034 spectaculum
2526 3949 2761 4026 trahar,

1744 4126 1869 4148 mo

571 4257 856 4321 necaremus,
893 4243 1304 4307 oppugnarentur-³
1333 4244 1388 4296 J.
1410 4245 1470 4294 F.
1497 4244 1795 4296 (Μαι-17
1828 4241 2083 4320 poet-ing.
2120 4242 2258 4357 ceux.
2292 4256 2367 4320 ae,
2400 4243 2669 4306 quode-18
2688 4243 2768 4296 ΑΙ.

573 4315 820 4362 oinittunt
839 4306 1122 4360 reeca—19
1155 4307 1244 4360 Al.
1277 4310 1501 4360 utendat.
1535 4311 1609 4360 Et
1639 4323 1733 4360 m
1760 4311 2167 4359 mxuma—2⁰
2250 4308 2287 4358 l.
2306 4307 2403 4368 luc.
2438 4309 2457 4337 ⁴
2481 4309 2621 4359 Male
2658 4317 2769 4374 post
