<?xml version="1.0" encoding="UTF-8"?>
<!DOCTYPE html PUBLIC "-//W3C//DTD XHTML 1.0 Transitional//EN"
    "http://www.w3.org/TR/xhtml1/DTD/xhtml1-transitional.dtd">
<html xmlns="http://www.w3.org/1999/xhtml" xml:lang="en" lang="en">
 <head>
  <title>
</title>
<meta http-equiv="Content-Type" content="text/html;charset=utf-8" />
  <meta name='ocr-system' content='tesseract 3.04.00' />
  <meta name='ocr-capabilities' content='ocr_page ocr_carea ocr_par ocr_line ocrx_word'/>
</head>
<body>
  <div class='ocr_page' id='page_1' title='image "./tliviipatavinih28unkngoog_0064.png"; bbox 0 0 3159 4934; ppageno 0'>
   <div class='ocr_carea' id='block_1_1' title="bbox 599 393 1833 461">
    <p class='ocr_par' dir='ltr' id='par_1_1' title="bbox 599 393 1833 461">
     <span class='ocr_line' id='line_1_1' title="bbox 599 393 1833 461; baseline -0.002 0"><span class='ocrx_word' id='word_1_1' title='bbox 599 393 775 461; x_wconf 74' lang='lat' dir='ltr'><strong>19oe</strong></span> <span class='ocrx_word' id='word_1_2' title='bbox 1523 410 1596 456; x_wconf 80' lang='grc' dir='ltr'><strong>τ.</strong></span> <span class='ocrx_word' id='word_1_3' title='bbox 1642 410 1833 460; x_wconf 75' lang='lat' dir='ltr'><strong>nivii</strong></span> 
     </span>
    </p>
   </div>
   <div class='ocr_carea' id='block_1_2' title="bbox 595 551 2822 3065">
    <p class='ocr_par' dir='ltr' id='par_1_2' title="bbox 595 551 2819 1754">
     <span class='ocr_line' id='line_1_2' title="bbox 595 551 2819 631; baseline -0.001 -11"><span class='ocrx_word' id='word_1_4' title='bbox 595 555 996 620; x_wconf 79' lang='lat' dir='ltr'><strong>munimenta</strong></span> <span class='ocrx_word' id='word_1_5' title='bbox 1051 551 1257 618; x_wconf 86' lang='lat' dir='ltr'><strong>modo</strong></span> <span class='ocrx_word' id='word_1_6' title='bbox 1305 551 1717 618; x_wconf 79' lang='lat' dir='ltr'><strong>defendenda</strong></span> <span class='ocrx_word' id='word_1_7' title='bbox 1766 553 1941 618; x_wconf 82' lang='lat' dir='ltr'><strong>satis</strong></span> <span class='ocrx_word' id='word_1_8' title='bbox 1992 553 2360 618; x_wconf 79' lang='lat' dir='ltr'><strong>animorum</strong></span> <span class='ocrx_word' id='word_1_9' title='bbox 2412 561 2618 631; x_wconf 80' lang='lat' dir='ltr'><strong>esset,</strong></span> <span class='ocrx_word' id='word_1_10' title='bbox 2670 553 2819 618; x_wconf 79' lang='lat' dir='ltr'><strong>sed</strong></span> 
     </span>
     <span class='ocr_line' id='line_1_3' title="bbox 599 653 2817 738; baseline -0.002 -16"><span class='ocrx_word' id='word_1_11' title='bbox 599 659 801 722; x_wconf 85' lang='lat' dir='ltr'><strong>etiam</strong></span> <span class='ocrx_word' id='word_1_12' title='bbox 827 653 913 719; x_wconf 81' lang='lat' dir='ltr'><strong>ad</strong></span> <span class='ocrx_word' id='word_1_13' title='bbox 937 653 1404 720; x_wconf 82' lang='lat' dir='ltr'><strong>lacessendum</strong></span> <span class='ocrx_word' id='word_1_14' title='bbox 1429 654 1693 718; x_wconf 86' lang='lat' dir='ltr'><strong>bostem</strong></span> <span class='ocrx_word' id='word_1_15' title='bbox 1718 656 1983 738; x_wconf 60' lang='lat' dir='ltr'><strong>praelio.</strong></span> <span class='ocrx_word' id='word_1_16' title='bbox 2050 654 2423 738; x_wconf 82' lang='lat' dir='ltr'><strong>Erumpunt</strong></span> <span class='ocrx_word' id='word_1_17' title='bbox 2449 656 2647 737; x_wconf 81' lang='lat' dir='ltr'><strong>igitur</strong></span> <span class='ocrx_word' id='word_1_18' title='bbox 2676 675 2817 736; x_wconf 79' lang='lat' dir='ltr'><strong>ag·</strong></span> 
     </span>
     <span class='ocr_line' id='line_1_4' title="bbox 597 737 2819 839; baseline -0.001 -16"><span class='ocrx_word' id='word_1_19' title='bbox 597 760 781 824; x_wconf 85' lang='lat' dir='ltr'><strong>mine</strong></span> <span class='ocrx_word' id='word_1_20' title='bbox 813 778 852 821; x_wconf 90' lang='lat' dir='ltr'><strong>e</strong></span> <span class='ocrx_word' id='word_1_21' title='bbox 881 759 1144 835; x_wconf 85' lang='lat' dir='ltr'><strong>castris,</strong></span> <span class='ocrx_word' id='word_1_22' title='bbox 1171 756 1609 838; x_wconf 81' lang='lat' dir='ltr'><strong>tripudiantes</strong></span> <span class='ocrx_word' id='word_1_23' title='bbox 1631 775 1817 820; x_wconf 86' lang='lat' dir='ltr'><strong>more</strong></span> <span class='ocrx_word' id='word_1_24' title='bbox 1840 777 1965 821; x_wconf 85' lang='lat' dir='ltr'><strong>suo</strong></span> <span class='ocrx_word' id='word_1_25' title='bbox 1992 777 2009 836; x_wconf 81' lang='lat'>3</span> <span class='ocrx_word' id='word_1_26' title='bbox 2052 737 2526 839; x_wconf 51' lang='lat' dir='ltr'><strong>repentinaque</strong></span> <span class='ocrx_word' id='word_1_27' title='bbox 2556 777 2819 820; x_wconf 84' lang='lat' dir='ltr'><strong>eorum</strong></span> 
     </span>
     <span class='ocr_line' id='line_1_5' title="bbox 599 856 2817 939; baseline -0.001 -15"><span class='ocrx_word' id='word_1_28' title='bbox 599 859 890 924; x_wconf 87' lang='lat' dir='ltr'><strong>audacia</strong></span> <span class='ocrx_word' id='word_1_29' title='bbox 921 865 1231 922; x_wconf 85' lang='lat' dir='ltr'><strong>terrorem</strong></span> <span class='ocrx_word' id='word_1_30' title='bbox 1263 856 1464 932; x_wconf 90' lang='lat' dir='ltr'><strong>hosti,</strong></span> <span class='ocrx_word' id='word_1_31' title='bbox 1495 857 1701 939; x_wconf 88' lang='lat' dir='ltr'><strong>paulo</strong></span> <span class='ocrx_word' id='word_1_32' title='bbox 1722 864 1873 920; x_wconf 90' lang='lat' dir='ltr'><strong>ante</strong></span> <span class='ocrx_word' id='word_1_33' title='bbox 1904 859 2073 922; x_wconf 88' lang='lat' dir='ltr'><strong>ultro</strong></span> <span class='ocrx_word' id='word_1_34' title='bbox 2098 859 2467 934; x_wconf 76' lang='lat' dir='ltr'><strong>lacessenti,</strong></span> <span class='ocrx_word' id='word_1_35' title='bbox 2488 859 2817 922; x_wconf 82' lang='lat' dir='ltr'><strong>incussit.</strong></span> 
     </span>
     <span class='ocr_line' id='line_1_6' title="bbox 603 957 2817 1042; baseline -0 -19"><span class='ocrx_word' id='word_1_36' title='bbox 603 959 852 1042; x_wconf 88' lang='lat' dir='ltr'><strong>Itaque</strong></span> <span class='ocrx_word' id='word_1_37' title='bbox 879 965 944 1023; x_wconf 84' lang='lat' dir='ltr'><strong>et</strong></span> <span class='ocrx_word' id='word_1_38' title='bbox 971 959 1124 1041; x_wconf 88' lang='lat' dir='ltr'><strong>ipse</strong></span> <span class='ocrx_word' id='word_1_39' title='bbox 1157 957 1554 1022; x_wconf 74' lang='lat' dir='ltr'><strong>Hasdrubal</strong></span> <span class='ocrx_word' id='word_1_40' title='bbox 1581 958 1653 1020; x_wconf 88' lang='lat' dir='ltr'><strong>in</strong></span> <span class='ocrx_word' id='word_1_41' title='bbox 1682 957 1925 1022; x_wconf 88' lang='lat' dir='ltr'><strong>collem</strong></span> <span class='ocrx_word' id='word_1_42' title='bbox 1954 959 2126 1024; x_wconf 86' lang='lat' dir='ltr'><strong>satis</strong></span> <span class='ocrx_word' id='word_1_43' title='bbox 2158 958 2465 1034; x_wconf 88' lang='lat' dir='ltr'><strong>arduum,</strong></span> <span class='ocrx_word' id='word_1_44' title='bbox 2512 964 2731 1022; x_wconf 86' lang='lat' dir='ltr'><strong>tutum</strong></span> <span class='ocrx_word' id='word_1_45' title='bbox 2754 965 2817 994; x_wconf 84' lang='lat'><strong>¹²</strong></span> 
     </span>
     <span class='ocr_line' id='line_1_7' title="bbox 599 1059 2813 1142; baseline -0.002 -16"><span class='ocrx_word' id='word_1_46' title='bbox 599 1061 878 1126; x_wconf 84' lang='lat' dir='ltr'><strong>flumine</strong></span> <span class='ocrx_word' id='word_1_47' title='bbox 905 1061 1102 1125; x_wconf 88' lang='lat' dir='ltr'><strong>etiam</strong></span> <span class='ocrx_word' id='word_1_48' title='bbox 1137 1059 1433 1142; x_wconf 87' lang='lat' dir='ltr'><strong>objecto,</strong></span> <span class='ocrx_word' id='word_1_49' title='bbox 1476 1067 1613 1124; x_wconf 90' lang='lat' dir='ltr'><strong>tum</strong></span> <span class='ocrx_word' id='word_1_50' title='bbox 1642 1060 1877 1140; x_wconf 82' lang='lat' dir='ltr'><strong>copias</strong></span> <span class='ocrx_word' id='word_1_51' title='bbox 1906 1060 2249 1136; x_wconf 76' lang='lat' dir='ltr'><strong>subducit,</strong></span> <span class='ocrx_word' id='word_1_52' title='bbox 2278 1066 2346 1124; x_wconf 90' lang='lat' dir='ltr'><strong>et</strong></span> <span class='ocrx_word' id='word_1_53' title='bbox 2374 1061 2813 1141; x_wconf 77' lang='lat' dir='ltr'><strong>praemissam</strong></span> 
     </span>
     <span class='ocr_line' id='line_1_8' title="bbox 597 1160 2817 1245; baseline -0 -20"><span class='ocrx_word' id='word_1_54' title='bbox 597 1160 827 1226; x_wconf 71' lang='lat' dir='ltr'><strong>levem</strong></span> <span class='ocrx_word' id='word_1_55' title='bbox 858 1169 1260 1225; x_wconf 87' lang='lat' dir='ltr'><strong>armaturam</strong></span> <span class='ocrx_word' id='word_1_56' title='bbox 1311 1161 1709 1245; x_wconf 78' lang='lat' dir='ltr'><strong>equitesque</strong></span> <span class='ocrx_word' id='word_1_57' title='bbox 1758 1161 2031 1243; x_wconf 84' lang='lat' dir='ltr'><strong>palatos</strong></span> <span class='ocrx_word' id='word_1_58' title='bbox 2072 1160 2307 1225; x_wconf 88' lang='lat' dir='ltr'><strong>eodem</strong></span> <span class='ocrx_word' id='word_1_59' title='bbox 2353 1162 2628 1242; x_wconf 79' lang='lat' dir='ltr'><strong>recipit:</strong></span> <span class='ocrx_word' id='word_1_60' title='bbox 2674 1179 2817 1224; x_wconf 77' lang='lat' dir='ltr'><strong>uec</strong></span> 
     </span>
     <span class='ocr_line' id='line_1_9' title="bbox 605 1260 2813 1344; baseline -0.003 -17"><span class='ocrx_word' id='word_1_61' title='bbox 605 1268 729 1327; x_wconf 88' lang='lat' dir='ltr'><strong>aut</strong></span> <span class='ocrx_word' id='word_1_62' title='bbox 767 1263 925 1326; x_wconf 87' lang='lat' dir='ltr'><strong>colli</strong></span> <span class='ocrx_word' id='word_1_63' title='bbox 975 1270 1095 1327; x_wconf 87' lang='lat' dir='ltr'><strong>aut</strong></span> <span class='ocrx_word' id='word_1_64' title='bbox 1141 1260 1400 1326; x_wconf 88' lang='lat' dir='ltr'><strong>flumini</strong></span> <span class='ocrx_word' id='word_1_65' title='bbox 1452 1263 1620 1325; x_wconf 85' lang='lat' dir='ltr'><strong>satis</strong></span> <span class='ocrx_word' id='word_1_66' title='bbox 1664 1260 1901 1338; x_wconf 87' lang='lat' dir='ltr'><strong>fidens,</strong></span> <span class='ocrx_word' id='word_1_67' title='bbox 1934 1263 2117 1326; x_wconf 86' lang='lat' dir='ltr'><strong>vallo</strong></span> <span class='ocrx_word' id='word_1_68' title='bbox 2166 1271 2395 1326; x_wconf 83' lang='lat' dir='ltr'><strong>castra</strong></span> <span class='ocrx_word' id='word_1_69' title='bbox 2440 1262 2813 1344; x_wconf 86' lang='lat' dir='ltr'><strong>permunit.</strong></span> 
     </span>
     <span class='ocr_line' id='line_1_10' title="bbox 609 1363 2813 1447; baseline -0.001 -19"><span class='ocrx_word' id='word_1_70' title='bbox 609 1363 688 1428; x_wconf 91' lang='lat' dir='ltr'><strong>Iu</strong></span> <span class='ocrx_word' id='word_1_71' title='bbox 739 1365 866 1428; x_wconf 84' lang='lat' dir='ltr'><strong>hoe</strong></span> <span class='ocrx_word' id='word_1_72' title='bbox 917 1364 1170 1428; x_wconf 83' lang='lat' dir='ltr'><strong>alterno</strong></span> <span class='ocrx_word' id='word_1_73' title='bbox 1223 1381 1476 1446; x_wconf 84' lang='lat' dir='ltr'><strong>pavore</strong></span> <span class='ocrx_word' id='word_1_74' title='bbox 1529 1363 1890 1426; x_wconf 85' lang='lat' dir='ltr'><strong>certamina</strong></span> <span class='ocrx_word' id='word_1_75' title='bbox 1924 1363 2182 1447; x_wconf 82' lang='lat' dir='ltr'><strong>aliquot</strong></span> <span class='ocrx_word' id='word_1_76' title='bbox 2234 1367 2389 1428; x_wconf 88' lang='lat' dir='ltr'><strong>sunt</strong></span> <span class='ocrx_word' id='word_1_77' title='bbox 2414 1368 2767 1428; x_wconf 82' lang='lat' dir='ltr'><strong>contracta</strong></span> <span class='ocrx_word' id='word_1_78' title='bbox 2792 1383 2813 1426; x_wconf 90' lang='lat'><strong>:</strong></span> 
     </span>
     <span class='ocr_line' id='line_1_11' title="bbox 604 1464 2812 1548; baseline -0.001 -19"><span class='ocrx_word' id='word_1_79' title='bbox 604 1485 733 1530; x_wconf 81' lang='lat' dir='ltr'><strong>nec</strong></span> <span class='ocrx_word' id='word_1_80' title='bbox 768 1465 1069 1532; x_wconf 81' lang='lat' dir='ltr'><strong>Numida</strong></span> <span class='ocrx_word' id='word_1_81' title='bbox 1101 1465 1412 1546; x_wconf 80' lang='lat' dir='ltr'><strong>Hispano</strong></span> <span class='ocrx_word' id='word_1_82' title='bbox 1456 1483 1658 1546; x_wconf 86' lang='lat' dir='ltr'><strong>eques</strong></span> <span class='ocrx_word' id='word_1_83' title='bbox 1703 1482 1828 1547; x_wconf 86' lang='lat' dir='ltr'><strong>par</strong></span> <span class='ocrx_word' id='word_1_84' title='bbox 1864 1465 2033 1542; x_wconf 78' lang='lat' dir='ltr'><strong>fuit3</strong></span> <span class='ocrx_word' id='word_1_85' title='bbox 2080 1484 2207 1529; x_wconf 89' lang='lat' dir='ltr'><strong>nec</strong></span> <span class='ocrx_word' id='word_1_86' title='bbox 2228 1465 2569 1548; x_wconf 88' lang='lat' dir='ltr'><strong>jaculator</strong></span> <span class='ocrx_word' id='word_1_87' title='bbox 2602 1464 2812 1528; x_wconf 84' lang='lat' dir='ltr'><strong>Mau·</strong></span> 
     </span>
     <span class='ocr_line' id='line_1_12' title="bbox 603 1565 2815 1649; baseline -0.002 -15"><span class='ocrx_word' id='word_1_88' title='bbox 603 1587 726 1634; x_wconf 77' lang='lat' dir='ltr'><strong>rus</strong></span> <span class='ocrx_word' id='word_1_89' title='bbox 774 1573 1050 1642; x_wconf 66' lang='lat' dir='ltr'><strong>cenato,</strong></span> <span class='ocrx_word' id='word_1_90' title='bbox 1089 1565 1453 1631; x_wconf 82' lang='lat' dir='ltr'><strong>velocitate</strong></span> <span class='ocrx_word' id='word_1_91' title='bbox 1495 1566 1695 1648; x_wconf 84' lang='lat' dir='ltr'><strong>pari,¹¹</strong></span> <span class='ocrx_word' id='word_1_92' title='bbox 1732 1567 1971 1630; x_wconf 88' lang='lat' dir='ltr'><strong>robore</strong></span> <span class='ocrx_word' id='word_1_93' title='bbox 2016 1567 2219 1632; x_wconf 83' lang='lat' dir='ltr'><strong>animi</strong></span> <span class='ocrx_word' id='word_1_94' title='bbox 2260 1566 2635 1649; x_wconf 81' lang='lat' dir='ltr'><strong>viriumque</strong></span> <span class='ocrx_word' id='word_1_95' title='bbox 2684 1565 2815 1630; x_wconf 85' lang='lat' dir='ltr'><strong>ali·</strong></span> 
     </span>
     <span class='ocr_line' id='line_1_13' title="bbox 606 1667 1322 1754; baseline -0.01 -20"><span class='ocrx_word' id='word_1_96' title='bbox 606 1676 932 1754; x_wconf 85' lang='lat' dir='ltr'><strong>quantum</strong></span> <span class='ocrx_word' id='word_1_97' title='bbox 960 1667 1322 1751; x_wconf 77' lang='lat' dir='ltr'><strong>praestanti.</strong></span> 
     </span>
    </p>

    <p class='ocr_par' dir='ltr' id='par_1_3' title="bbox 613 1766 2822 3065">
     <span class='ocr_line' id='line_1_14' title="bbox 697 1766 2811 1852; baseline -0.001 -18"><span class='ocrx_word' id='word_1_98' title='bbox 697 1771 808 1834; x_wconf 80' lang='lat'><strong>27.</strong></span> <span class='ocrx_word' id='word_1_99' title='bbox 853 1770 1218 1852; x_wconf 87' lang='lat' dir='ltr'><strong>Postquam</strong></span> <span class='ocrx_word' id='word_1_100' title='bbox 1249 1787 1466 1851; x_wconf 86' lang='lat' dir='ltr'><strong>neque</strong></span> <span class='ocrx_word' id='word_1_101' title='bbox 1491 1767 1737 1830; x_wconf 83' lang='lat' dir='ltr'><strong>elicere</strong></span> <span class='ocrx_word' id='word_1_102' title='bbox 1768 1766 2057 1832; x_wconf 85' lang='lat' dir='ltr'><strong>Poenum</strong></span> <span class='ocrx_word' id='word_1_103' title='bbox 2085 1767 2171 1832; x_wconf 90' lang='lat' dir='ltr'><strong>ad</strong></span> <span class='ocrx_word' id='word_1_104' title='bbox 2202 1775 2529 1832; x_wconf 81' lang='lat' dir='ltr'><strong>certamen</strong></span> <span class='ocrx_word' id='word_1_105' title='bbox 2562 1768 2811 1834; x_wconf 81' lang='lat' dir='ltr'><strong>obver-</strong></span> 
     </span>
     <span class='ocr_line' id='line_1_15' title="bbox 613 1869 2811 1953; baseline -0.003 -15"><span class='ocrx_word' id='word_1_106' title='bbox 613 1874 746 1938; x_wconf 86' lang='lat' dir='ltr'><strong>sati</strong></span> <span class='ocrx_word' id='word_1_107' title='bbox 789 1871 1036 1936; x_wconf 82' lang='lat' dir='ltr'><strong>castris</strong></span> <span class='ocrx_word' id='word_1_108' title='bbox 1075 1874 1402 1953; x_wconf 84' lang='lat' dir='ltr'><strong>poterant,</strong></span> <span class='ocrx_word' id='word_1_109' title='bbox 1433 1885 1651 1950; x_wconf 90' lang='lat' dir='ltr'><strong>neque</strong></span> <span class='ocrx_word' id='word_1_110' title='bbox 1702 1876 2071 1932; x_wconf 85' lang='lat' dir='ltr'><strong>castrorum</strong></span> <span class='ocrx_word' id='word_1_111' title='bbox 2120 1871 2531 1951; x_wconf 84' lang='lat' dir='ltr'><strong>oppugnatio</strong></span> <span class='ocrx_word' id='word_1_112' title='bbox 2580 1869 2811 1934; x_wconf 76' lang='lat' dir='ltr'><strong>facilis</strong></span> 
     </span>
     <span class='ocr_line' id='line_1_16' title="bbox 617 1967 2814 2052; baseline -0.001 -14"><span class='ocrx_word' id='word_1_113' title='bbox 617 1982 794 2051; x_wconf 79' lang='lat' dir='ltr'><strong>erat3</strong></span> <span class='ocrx_word' id='word_1_114' title='bbox 815 1972 1047 2034; x_wconf 84' lang='lat' dir='ltr'><strong>urbem</strong></span> <span class='ocrx_word' id='word_1_115' title='bbox 1071 1968 1448 2046; x_wconf 79' lang='lat' dir='ltr'><strong>Ascuam,¹³</strong></span> <span class='ocrx_word' id='word_1_116' title='bbox 1466 1975 1492 2002; x_wconf 80' lang='lat'>¹</span> <span class='ocrx_word' id='word_1_117' title='bbox 1515 1986 1677 2050; x_wconf 89' lang='lat' dir='ltr'><strong>quo,</strong></span> <span class='ocrx_word' id='word_1_118' title='bbox 1702 1967 1869 2033; x_wconf 82' lang='lat' dir='ltr'><strong>fines</strong></span> <span class='ocrx_word' id='word_1_119' title='bbox 1890 1968 2180 2032; x_wconf 86' lang='lat' dir='ltr'><strong>bostium</strong></span> <span class='ocrx_word' id='word_1_120' title='bbox 2204 1971 2597 2052; x_wconf 80' lang='lat' dir='ltr'><strong>ingrediens,</strong></span> <span class='ocrx_word' id='word_1_121' title='bbox 2622 1971 2814 2036; x_wconf 84' lang='lat' dir='ltr'><strong>Has-</strong></span> 
     </span>
     <span class='ocr_line' id='line_1_17' title="bbox 615 2070 2811 2153; baseline -0.001 -14"><span class='ocrx_word' id='word_1_122' title='bbox 615 2073 851 2139; x_wconf 84' lang='lat' dir='ltr'><strong>drubal</strong></span> <span class='ocrx_word' id='word_1_123' title='bbox 893 2071 1291 2136; x_wconf 86' lang='lat' dir='ltr'><strong>frumentum</strong></span> <span class='ocrx_word' id='word_1_124' title='bbox 1339 2079 1887 2153; x_wconf 82' lang='lat' dir='ltr'><strong>commeatusque</strong></span> <span class='ocrx_word' id='word_1_125' title='bbox 1918 2070 2091 2134; x_wconf 87' lang='lat' dir='ltr'><strong>alios</strong></span> <span class='ocrx_word' id='word_1_126' title='bbox 2120 2080 2549 2148; x_wconf 81' lang='lat' dir='ltr'><strong>convexerat,</strong></span> <span class='ocrx_word' id='word_1_127' title='bbox 2580 2074 2649 2136; x_wconf 85' lang='lat' dir='ltr'><strong>vi</strong></span> <span class='ocrx_word' id='word_1_128' title='bbox 2690 2091 2811 2138; x_wconf 86' lang='lat' dir='ltr'><strong>ca-</strong></span> 
     </span>
     <span class='ocr_line' id='line_1_18' title="bbox 616 2171 2809 2260; baseline -0.001 -22"><span class='ocrx_word' id='word_1_129' title='bbox 616 2176 836 2260; x_wconf 88' lang='lat' dir='ltr'><strong>piunt,</strong></span> <span class='ocrx_word' id='word_1_130' title='bbox 875 2174 1189 2256; x_wconf 88' lang='lat' dir='ltr'><strong>omnique</strong></span> <span class='ocrx_word' id='word_1_131' title='bbox 1219 2171 1400 2236; x_wconf 85' lang='lat' dir='ltr'><strong>circa</strong></span> <span class='ocrx_word' id='word_1_132' title='bbox 1427 2189 1587 2252; x_wconf 84' lang='lat' dir='ltr'><strong>agro</strong></span> <span class='ocrx_word' id='word_1_133' title='bbox 1629 2171 1992 2253; x_wconf 86' lang='lat' dir='ltr'><strong>potiuntur.</strong></span> <span class='ocrx_word' id='word_1_134' title='bbox 2088 2172 2151 2235; x_wconf 88' lang='lat' dir='ltr'>N</span> <span class='ocrx_word' id='word_1_135' title='bbox 2156 2191 2235 2235; x_wconf 87' lang='lat' dir='ltr'><strong>ec</strong></span> <span class='ocrx_word' id='word_1_136' title='bbox 2254 2172 2423 2255; x_wconf 88' lang='lat' dir='ltr'><strong>jam,</strong></span> <span class='ocrx_word' id='word_1_137' title='bbox 2452 2180 2569 2237; x_wconf 91' lang='lat' dir='ltr'><strong>aut</strong></span> <span class='ocrx_word' id='word_1_138' title='bbox 2596 2173 2662 2236; x_wconf 88' lang='lat' dir='ltr'><strong>in</strong></span> <span class='ocrx_word' id='word_1_139' title='bbox 2689 2190 2809 2254; x_wconf 85' lang='lat' dir='ltr'><strong>ag-</strong></span> 
     </span>
     <span class='ocr_line' id='line_1_19' title="bbox 613 2271 2811 2354; baseline -0.001 -14"><span class='ocrx_word' id='word_1_140' title='bbox 613 2277 820 2352; x_wconf 83' lang='lat' dir='ltr'><strong>mine,</strong></span> <span class='ocrx_word' id='word_1_141' title='bbox 871 2282 994 2338; x_wconf 88' lang='lat' dir='ltr'><strong>aut</strong></span> <span class='ocrx_word' id='word_1_142' title='bbox 1043 2275 1110 2337; x_wconf 89' lang='lat' dir='ltr'><strong>iu</strong></span> <span class='ocrx_word' id='word_1_143' title='bbox 1155 2274 1417 2348; x_wconf 83' lang='lat' dir='ltr'><strong>castris,</strong></span> <span class='ocrx_word' id='word_1_144' title='bbox 1469 2271 1609 2335; x_wconf 90' lang='lat' dir='ltr'><strong>ullo</strong></span> <span class='ocrx_word' id='word_1_145' title='bbox 1653 2273 1935 2354; x_wconf 87' lang='lat' dir='ltr'><strong>imperio</strong></span> <span class='ocrx_word' id='word_1_146' title='bbox 1978 2274 2326 2338; x_wconf 84' lang='lat' dir='ltr'><strong>contineri.</strong></span> <span class='ocrx_word' id='word_1_147' title='bbox 2413 2271 2642 2351; x_wconf 80' lang='lat' dir='ltr'><strong>Quam</strong></span> <span class='ocrx_word' id='word_1_148' title='bbox 2692 2275 2811 2338; x_wconf 87' lang='lat' dir='ltr'><strong>ubi</strong></span> 
     </span>
     <span class='ocr_line' id='line_1_20' title="bbox 619 2368 2811 2458; baseline 0 -20"><span class='ocrx_word' id='word_1_149' title='bbox 619 2375 1083 2458; x_wconf 83' lang='lat' dir='ltr'><strong>negligentiam</strong></span> <span class='ocrx_word' id='word_1_150' title='bbox 1115 2393 1201 2437; x_wconf 87' lang='lat' dir='ltr'><strong>ex</strong></span> <span class='ocrx_word' id='word_1_151' title='bbox 1226 2393 1296 2437; x_wconf 91' lang='lat' dir='ltr'><strong>re</strong></span> <span class='ocrx_word' id='word_1_152' title='bbox 1322 2373 1428 2448; x_wconf 92' lang='lat' dir='ltr'><strong>(ut</strong></span> <span class='ocrx_word' id='word_1_153' title='bbox 1455 2368 1565 2455; x_wconf 88' lang='lat' dir='ltr'><strong>fit)</strong></span> <span class='ocrx_word' id='word_1_154' title='bbox 1592 2372 1762 2436; x_wconf 88' lang='lat' dir='ltr'><strong>bene</strong></span> <span class='ocrx_word' id='word_1_155' title='bbox 1794 2379 1981 2453; x_wconf 84' lang='lat' dir='ltr'><strong>gesta</strong></span> <span class='ocrx_word' id='word_1_156' title='bbox 2010 2373 2165 2436; x_wconf 85' lang='lat' dir='ltr'><strong>oriri</strong></span> <span class='ocrx_word' id='word_1_157' title='bbox 2194 2381 2485 2436; x_wconf 85' lang='lat' dir='ltr'><strong>senserat</strong></span> <span class='ocrx_word' id='word_1_158' title='bbox 2502 2373 2811 2438; x_wconf 86' lang='lat' dir='ltr'><strong>Hasdru-</strong></span> 
     </span>
     <span class='ocr_line' id='line_1_21' title="bbox 619 2473 2813 2557; baseline -0.001 -16"><span class='ocrx_word' id='word_1_159' title='bbox 619 2476 761 2548; x_wconf 87' lang='lat' dir='ltr'><strong>bal,</strong></span> <span class='ocrx_word' id='word_1_160' title='bbox 793 2475 1180 2540; x_wconf 85' lang='lat' dir='ltr'><strong>cohortatus</strong></span> <span class='ocrx_word' id='word_1_161' title='bbox 1208 2475 1476 2551; x_wconf 85' lang='lat' dir='ltr'><strong>milites,</strong></span> <span class='ocrx_word' id='word_1_162' title='bbox 1510 2481 1589 2536; x_wconf 89' lang='lat' dir='ltr'><strong>ut</strong></span> <span class='ocrx_word' id='word_1_163' title='bbox 1618 2473 1886 2555; x_wconf 84' lang='lat' dir='ltr'><strong>palatos</strong></span> <span class='ocrx_word' id='word_1_164' title='bbox 1914 2475 2057 2537; x_wconf 88' lang='lat' dir='ltr'><strong>sine</strong></span> <span class='ocrx_word' id='word_1_165' title='bbox 2102 2475 2313 2556; x_wconf 87' lang='lat' dir='ltr'><strong>signis</strong></span> <span class='ocrx_word' id='word_1_166' title='bbox 2343 2475 2575 2538; x_wconf 85' lang='lat' dir='ltr'><strong>hostes</strong></span> <span class='ocrx_word' id='word_1_167' title='bbox 2598 2483 2653 2523; x_wconf 77' lang='lat'><strong>¹⁴</strong></span> <span class='ocrx_word' id='word_1_168' title='bbox 2694 2496 2813 2557; x_wconf 82' lang='lat' dir='ltr'><strong>ag-</strong></span> 
     </span>
     <span class='ocr_line' id='line_1_22' title="bbox 621 2575 2815 2662; baseline 0 -20"><span class='ocrx_word' id='word_1_169' title='bbox 621 2578 1069 2662; x_wconf 80' lang='lat' dir='ltr'><strong>grederentur,</strong></span> <span class='ocrx_word' id='word_1_170' title='bbox 1099 2576 1454 2660; x_wconf 80' lang='lat' dir='ltr'><strong>degressus</strong></span> <span class='ocrx_word' id='word_1_171' title='bbox 1479 2581 1527 2623; x_wconf 81' lang='lat'><strong>¹5</strong></span> <span class='ocrx_word' id='word_1_172' title='bbox 1574 2575 1772 2655; x_wconf 90' lang='lat' dir='ltr'><strong>colle,</strong></span> <span class='ocrx_word' id='word_1_173' title='bbox 1802 2577 2017 2659; x_wconf 85' lang='lat' dir='ltr'><strong>pergit</strong></span> <span class='ocrx_word' id='word_1_174' title='bbox 2045 2576 2139 2641; x_wconf 87' lang='lat' dir='ltr'><strong>ire</strong></span> <span class='ocrx_word' id='word_1_175' title='bbox 2186 2580 2332 2642; x_wconf 88' lang='lat' dir='ltr'><strong>acie</strong></span> <span class='ocrx_word' id='word_1_176' title='bbox 2360 2579 2682 2642; x_wconf 85' lang='lat' dir='ltr'><strong>instructa</strong></span> <span class='ocrx_word' id='word_1_177' title='bbox 2724 2577 2815 2642; x_wconf 89' lang='lat' dir='ltr'><strong>ad</strong></span> 
     </span>
     <span class='ocr_line' id='line_1_23' title="bbox 621 2677 2815 2760; baseline -0.001 -16"><span class='ocrx_word' id='word_1_178' title='bbox 621 2684 870 2744; x_wconf 85' lang='lat' dir='ltr'><strong>castra.</strong></span> <span class='ocrx_word' id='word_1_179' title='bbox 916 2677 1134 2757; x_wconf 80' lang='lat' dir='ltr'><strong>Quem</strong></span> <span class='ocrx_word' id='word_1_180' title='bbox 1161 2685 1233 2741; x_wconf 88' lang='lat' dir='ltr'><strong>ut</strong></span> <span class='ocrx_word' id='word_1_181' title='bbox 1253 2677 1488 2742; x_wconf 86' lang='lat' dir='ltr'><strong>adesse</strong></span> <span class='ocrx_word' id='word_1_182' title='bbox 1521 2677 1929 2742; x_wconf 86' lang='lat' dir='ltr'><strong>tumultuose</strong></span> <span class='ocrx_word' id='word_1_183' title='bbox 1957 2679 2349 2744; x_wconf 81' lang='lat' dir='ltr'><strong>nuntiavere</strong></span> <span class='ocrx_word' id='word_1_184' title='bbox 2370 2679 2693 2760; x_wconf 80' lang='lat' dir='ltr'><strong>fugientes</strong></span> <span class='ocrx_word' id='word_1_185' title='bbox 2720 2699 2815 2744; x_wconf 82' lang='lat' dir='ltr'><strong>ex</strong></span> 
     </span>
     <span class='ocr_line' id='line_1_24' title="bbox 626 2780 2819 2867; baseline 0 -21"><span class='ocrx_word' id='word_1_186' title='bbox 626 2782 918 2867; x_wconf 87' lang='lat' dir='ltr'><strong>speculis</strong></span> <span class='ocrx_word' id='word_1_187' title='bbox 963 2780 1527 2862; x_wconf 86' lang='lat' dir='ltr'><strong>stationibusque,</strong></span> <span class='ocrx_word' id='word_1_188' title='bbox 1567 2780 1656 2844; x_wconf 87' lang='lat' dir='ltr'><strong>ad</strong></span> <span class='ocrx_word' id='word_1_189' title='bbox 1704 2782 1891 2844; x_wconf 87' lang='lat' dir='ltr'><strong>a‘rma</strong></span> <span class='ocrx_word' id='word_1_190' title='bbox 1927 2781 2407 2846; x_wconf 87' lang='lat' dir='ltr'><strong>conclamatum</strong></span> <span class='ocrx_word' id='word_1_191' title='bbox 2447 2781 2633 2845; x_wconf 85' lang='lat' dir='ltr'><strong>est.¹⁶</strong></span> <span class='ocrx_word' id='word_1_192' title='bbox 2718 2781 2819 2846; x_wconf 81' lang='lat' dir='ltr'><strong>Ut</strong></span> 
     </span>
     <span class='ocr_line' id='line_1_25' title="bbox 626 2882 2815 2968; baseline -0.001 -20"><span class='ocrx_word' id='word_1_193' title='bbox 626 2884 912 2968; x_wconf 88' lang='lat' dir='ltr'><strong>quisque</strong></span> <span class='ocrx_word' id='word_1_194' title='bbox 957 2901 1140 2946; x_wconf 84' lang='lat' dir='ltr'><strong>arma</strong></span> <span class='ocrx_word' id='word_1_195' title='bbox 1188 2888 1473 2964; x_wconf 85' lang='lat' dir='ltr'><strong>ceperat,</strong></span> <span class='ocrx_word' id='word_1_196' title='bbox 1507 2883 1653 2946; x_wconf 87' lang='lat' dir='ltr'><strong>sine</strong></span> <span class='ocrx_word' id='word_1_197' title='bbox 1701 2882 2008 2965; x_wconf 86' lang='lat' dir='ltr'><strong>imperio,</strong></span> <span class='ocrx_word' id='word_1_198' title='bbox 2038 2884 2181 2947; x_wconf 85' lang='lat' dir='ltr'><strong>sine</strong></span> <span class='ocrx_word' id='word_1_199' title='bbox 2220 2883 2437 2964; x_wconf 81' lang='lat' dir='ltr'><strong>signo,</strong></span> <span class='ocrx_word' id='word_1_200' title='bbox 2464 2884 2815 2965; x_wconf 86' lang='lat' dir='ltr'><strong>incompo-</strong></span> 
     </span>
     <span class='ocr_line' id='line_1_26' title="bbox 617 2981 2822 3065; baseline -0.001 -17"><span class='ocrx_word' id='word_1_201' title='bbox 617 2985 768 3061; x_wconf 71' lang='lat' dir='ltr'><strong>siti,</strong></span> <span class='ocrx_word' id='word_1_202' title='bbox 805 2983 1163 3046; x_wconf 84' lang='lat' dir='ltr'><strong>inordinati</strong></span> <span class='ocrx_word' id='word_1_203' title='bbox 1197 2983 1263 3044; x_wconf 88' lang='lat' dir='ltr'><strong>in</strong></span> <span class='ocrx_word' id='word_1_204' title='bbox 1291 2983 1591 3064; x_wconf 82' lang='lat' dir='ltr'><strong>proelium</strong></span> <span class='ocrx_word' id='word_1_205' title='bbox 1624 2992 1841 3046; x_wconf 86' lang='lat' dir='ltr'><strong>ruunt.</strong></span> <span class='ocrx_word' id='word_1_206' title='bbox 1928 2981 2086 3046; x_wconf 83' lang='lat' dir='ltr'><strong>Jam</strong></span> <span class='ocrx_word' id='word_1_207' title='bbox 2118 2985 2317 3065; x_wconf 86' lang='lat' dir='ltr'><strong>primi</strong></span> <span class='ocrx_word' id='word_1_208' title='bbox 2346 2991 2822 3048; x_wconf 85' lang='lat' dir='ltr'><strong>conseruerant</strong></span> 
     </span>
    </p>
   </div>
   <div class='ocr_carea' id='block_1_3' title="bbox 1547 3143 1879 3166">
    <p class='ocr_par' dir='ltr' id='par_1_4' title="bbox 1547 3143 1879 3166">
     <span class='ocr_line' id='line_1_27' title="bbox 1547 3143 1879 3166; baseline 0 1768"><span class='ocrx_word' id='word_1_209' title='bbox 1547 3143 1879 3166; x_wconf 95' lang='lat' dir='ltr'><strong> </strong></span> 
     </span>
    </p>
   </div>
   <div class='ocr_carea' id='block_1_4' title="bbox 1880 3143 1911 3168">
    <p class='ocr_par' dir='ltr' id='par_1_5' title="bbox 1880 3143 1911 3168">
     <span class='ocr_line' id='line_1_28' title="bbox 1880 3143 1911 3168; baseline 0 0"><span class='ocrx_word' id='word_1_210' title='bbox 1880 3143 1911 3168; x_wconf 67' lang='lat' dir='ltr'><em>O</em></span> 
     </span>
    </p>
   </div>
   <div class='ocr_carea' id='block_1_5' title="bbox 627 3259 2827 3453">
    <p class='ocr_par' dir='ltr' id='par_1_6' title="bbox 627 3259 2827 3453">
     <span class='ocr_line' id='line_1_29' title="bbox 627 3259 2565 3326; baseline -0.002 -9"><span class='ocrx_word' id='word_1_211' title='bbox 627 3269 752 3316; x_wconf 73' lang='lat' dir='ltr'><strong>ante</strong></span> <span class='ocrx_word' id='word_1_212' title='bbox 775 3261 1130 3312; x_wconf 59' lang='lat' dir='ltr'><strong>Granum—11</strong></span> <span class='ocrx_word' id='word_1_213' title='bbox 1165 3259 1250 3309; x_wconf 85' lang='grc' dir='ltr'><strong>ΑΙ.</strong></span> <span class='ocrx_word' id='word_1_214' title='bbox 1281 3262 1344 3310; x_wconf 75' lang='lat' dir='ltr'><strong>ud</strong></span> <span class='ocrx_word' id='word_1_215' title='bbox 1361 3265 1717 3324; x_wconf 65' lang='lat' dir='ltr'><strong>pamm—12</strong></span> <span class='ocrx_word' id='word_1_216' title='bbox 1752 3263 2013 3326; x_wconf 64' lang='lat' dir='ltr'><strong>mumque</strong></span> <span class='ocrx_word' id='word_1_217' title='bbox 2034 3259 2169 3312; x_wconf 83' lang='lat' dir='ltr'><strong>Edd.</strong></span> <span class='ocrx_word' id='word_1_218' title='bbox 2190 3269 2310 3311; x_wconf 77' lang='lat' dir='ltr'><strong>aute</strong></span> <span class='ocrx_word' id='word_1_219' title='bbox 2334 3261 2565 3314; x_wconf 80' lang='lat' dir='ltr'><strong>Crevier.</strong></span> 
     </span>
     <span class='ocr_line' id='line_1_30' title="bbox 701 3323 2823 3388; baseline -0.002 -11"><span class='ocrx_word' id='word_1_220' title='bbox 701 3333 760 3378; x_wconf 71' lang='lat'><strong>1³</strong></span> <span class='ocrx_word' id='word_1_221' title='bbox 793 3327 1002 3377; x_wconf 65' lang='lat' dir='ltr'><strong>Annam</strong></span> <span class='ocrx_word' id='word_1_222' title='bbox 1024 3323 1158 3374; x_wconf 83' lang='lat' dir='ltr'><strong>Edd.</strong></span> <span class='ocrx_word' id='word_1_223' title='bbox 1182 3334 1304 3374; x_wconf 77' lang='lat' dir='ltr'><strong>aute</strong></span> <span class='ocrx_word' id='word_1_224' title='bbox 1325 3325 1629 3375; x_wconf 57' lang='lat' dir='ltr'><strong>nuk—14</strong></span> <span class='ocrx_word' id='word_1_225' title='bbox 1666 3325 1804 3375; x_wconf 84' lang='lat' dir='ltr'><strong>Olim</strong></span> <span class='ocrx_word' id='word_1_226' title='bbox 1828 3325 2115 3387; x_wconf 70' lang='lat' dir='ltr'><strong>legebatur,</strong></span> <span class='ocrx_word' id='word_1_227' title='bbox 2144 3331 2199 3374; x_wconf 69' lang='lat' dir='ltr'><strong>ut</strong></span> <span class='ocrx_word' id='word_1_228' title='bbox 2230 3327 2447 3388; x_wconf 72' lang='lat' dir='ltr'><strong>potuum</strong></span> <span class='ocrx_word' id='word_1_229' title='bbox 2470 3325 2626 3388; x_wconf 70' lang='lat' dir='ltr'><strong>signin</strong></span> <span class='ocrx_word' id='word_1_230' title='bbox 2648 3325 2823 3374; x_wconf 60' lang='lat' dir='ltr'><strong>hodes.</strong></span> 
     </span>
     <span class='ocr_line' id='line_1_31' title="bbox 632 3389 2827 3453; baseline -0.003 -10"><span class='ocrx_word' id='word_1_231' title='bbox 632 3397 762 3443; x_wconf 73' lang='lat'><strong>—16</strong></span> <span class='ocrx_word' id='word_1_232' title='bbox 801 3391 880 3443; x_wconf 78' lang='lat' dir='ltr'><strong>Al.</strong></span> <span class='ocrx_word' id='word_1_233' title='bbox 914 3393 1305 3452; x_wconf 60' lang='lat' dir='ltr'><strong>digressa—le</strong></span> <span class='ocrx_word' id='word_1_234' title='bbox 1342 3390 1491 3446; x_wconf 68' lang='lat' dir='ltr'><strong>Quem</strong></span> <span class='ocrx_word' id='word_1_235' title='bbox 1507 3395 1562 3438; x_wconf 74' lang='lat' dir='ltr'><strong>ut</strong></span> <span class='ocrx_word' id='word_1_236' title='bbox 1575 3391 1736 3440; x_wconf 72' lang='lat' dir='ltr'><strong>adme</strong></span> <span class='ocrx_word' id='word_1_237' title='bbox 1753 3392 2037 3438; x_wconf 72' lang='lat' dir='ltr'><strong>tumultuose</strong></span> <span class='ocrx_word' id='word_1_238' title='bbox 2058 3390 2215 3438; x_wconf 74' lang='lat' dir='ltr'><strong>nuntii</strong></span> <span class='ocrx_word' id='word_1_239' title='bbox 2234 3389 2527 3450; x_wconf 65' lang='lat' dir='ltr'><strong>refugiente·</strong></span> <span class='ocrx_word' id='word_1_240' title='bbox 2546 3405 2608 3439; x_wconf 69' lang='lat' dir='ltr'><strong>ex</strong></span> <span class='ocrx_word' id='word_1_241' title='bbox 2626 3391 2827 3453; x_wconf 69' lang='lat' dir='ltr'><strong>speculis</strong></span> 
     </span>
    </p>
   </div>
   <div class='ocr_carea' id='block_1_6' title="bbox 1624 3551 1840 3604">
    <p class='ocr_par' dir='ltr' id='par_1_7' title="bbox 1624 3551 1840 3604">
     <span class='ocr_line' id='line_1_32' title="bbox 1624 3551 1840 3604; baseline 0 -2"><span class='ocrx_word' id='word_1_242' title='bbox 1624 3551 1840 3604; x_wconf 77' lang='lat' dir='ltr'>NOTAE</span> 
     </span>
    </p>
   </div>
   <div class='ocr_carea' id='block_1_7' title="bbox 635 3646 2831 4320">
    <p class='ocr_par' dir='ltr' id='par_1_8' title="bbox 635 3646 2827 3798">
     <span class='ocr_line' id='line_1_33' title="bbox 703 3646 2826 3712; baseline -0.001 -11"><span class='ocrx_word' id='word_1_243' title='bbox 703 3661 730 3688; x_wconf 73' lang='lat'>⁸</span> <span class='ocrx_word' id='word_1_244' title='bbox 776 3653 992 3712; x_wconf 70' lang='lat' dir='ltr'><strong>Ceu-ato,</strong></span> <span class='ocrx_word' id='word_1_245' title='bbox 1041 3649 1290 3697; x_wconf 71' lang='lat' dir='ltr'><strong>velocitate</strong></span> <span class='ocrx_word' id='word_1_246' title='bbox 1339 3646 1473 3710; x_wconf 69' lang='lat' dir='ltr'><strong>part]</strong></span> <span class='ocrx_word' id='word_1_247' title='bbox 1533 3647 1692 3698; x_wconf 77' lang='lat' dir='ltr'><strong>Ceti-a</strong></span> <span class='ocrx_word' id='word_1_248' title='bbox 1771 3649 1826 3698; x_wconf 87' lang='lat' dir='ltr'><strong><em>N</em></strong></span> <span class='ocrx_word' id='word_1_249' title='bbox 1846 3661 1939 3711; x_wconf 79' lang='lat' dir='ltr'><strong>pro</strong></span> <span class='ocrx_word' id='word_1_250' title='bbox 1970 3648 2029 3698; x_wconf 81' lang='lat' dir='ltr'><strong>V.</strong></span> <span class='ocrx_word' id='word_1_251' title='bbox 2094 3649 2342 3698; x_wconf 75' lang='lat' dir='ltr'><strong>Putarem</strong></span> <span class='ocrx_word' id='word_1_252' title='bbox 2379 3648 2705 3698; x_wconf 75' lang='lat' dir='ltr'><strong>scribendum</strong></span> <span class='ocrx_word' id='word_1_253' title='bbox 2728 3649 2826 3698; x_wconf 72' lang='lat' dir='ltr'><strong>Er·-</strong></span> 
     </span>
     <span class='ocr_line' id='line_1_34' title="bbox 635 3722 2827 3798; baseline -0.002 -20"><span class='ocrx_word' id='word_1_254' title='bbox 635 3731 790 3798; x_wconf 73' lang='lat' dir='ltr'><strong>quale</strong></span> <span class='ocrx_word' id='word_1_255' title='bbox 813 3729 881 3777; x_wconf 75' lang='lat' dir='ltr'><strong>sit</strong></span> <span class='ocrx_word' id='word_1_256' title='bbox 900 3725 1071 3788; x_wconf 76' lang='lat' dir='ltr'><strong>clypei</strong></span> <span class='ocrx_word' id='word_1_257' title='bbox 1091 3737 1272 3786; x_wconf 69' lang='lat' dir='ltr'><strong>genus,</strong></span> <span class='ocrx_word' id='word_1_258' title='bbox 1287 3723 1398 3786; x_wconf 77' lang='lat' dir='ltr'><strong>jam</strong></span> <span class='ocrx_word' id='word_1_259' title='bbox 1417 3722 1659 3785; x_wconf 81' lang='lat' dir='ltr'><strong>explicui.</strong></span> <span class='ocrx_word' id='word_1_260' title='bbox 1765 3737 1917 3780; x_wconf 72' lang='lat' dir='ltr'><strong>emen,</strong></span> <span class='ocrx_word' id='word_1_261' title='bbox 1940 3737 2041 3788; x_wconf 85' lang='lat' dir='ltr'><strong>quo</strong></span> <span class='ocrx_word' id='word_1_262' title='bbox 2063 3725 2266 3773; x_wconf 80' lang='lat' dir='ltr'><strong>nomine</strong></span> <span class='ocrx_word' id='word_1_263' title='bbox 2285 3725 2531 3788; x_wconf 76' lang='lat' dir='ltr'><strong>oppidum</strong></span> <span class='ocrx_word' id='word_1_264' title='bbox 2550 3726 2602 3773; x_wconf 83' lang='lat' dir='ltr'><strong>ln</strong></span> <span class='ocrx_word' id='word_1_265' title='bbox 2625 3725 2827 3774; x_wconf 80' lang='lat' dir='ltr'><strong>Turdu-</strong></span> 
     </span>
    </p>

    <p class='ocr_par' dir='ltr' id='par_1_9' title="bbox 637 3797 2831 4320">
     <span class='ocr_line' id='line_1_35' title="bbox 704 3797 2829 3864; baseline -0.002 -10"><span class='ocrx_word' id='word_1_266' title='bbox 704 3813 730 3839; x_wconf 78' lang='lat'><em>¹</em></span> <span class='ocrx_word' id='word_1_267' title='bbox 763 3804 971 3854; x_wconf 71' lang='lat' dir='ltr'><strong>Areum</strong></span> <span class='ocrx_word' id='word_1_268' title='bbox 1017 3797 1274 3864; x_wconf 71' lang='lat' dir='ltr'><strong>[Ascuam]</strong></span> <span class='ocrx_word' id='word_1_269' title='bbox 1310 3798 1693 3848; x_wconf 78' lang='lat' dir='ltr'><strong>Celtiberorum</strong></span> <span class='ocrx_word' id='word_1_270' title='bbox 1768 3801 1829 3850; x_wconf 77' lang='lat' dir='ltr'><strong>li·</strong></span> <span class='ocrx_word' id='word_1_271' title='bbox 1854 3800 2163 3850; x_wconf 70' lang='lat' dir='ltr'><strong>Ptolemaeus</strong></span> <span class='ocrx_word' id='word_1_272' title='bbox 2184 3800 2435 3862; x_wconf 74' lang='lat' dir='ltr'><strong>nominat,</strong></span> <span class='ocrx_word' id='word_1_273' title='bbox 2454 3802 2601 3863; x_wconf 71' lang='lat' dir='ltr'><strong>cujus</strong></span> <span class='ocrx_word' id='word_1_274' title='bbox 2632 3811 2687 3852; x_wconf 76' lang='lat' dir='ltr'><strong>et</strong></span> <span class='ocrx_word' id='word_1_275' title='bbox 2720 3802 2829 3852; x_wconf 87' lang='lat' dir='ltr'><strong>Pli-</strong></span> 
     </span>
     <span class='ocr_line' id='line_1_36' title="bbox 637 3873 2828 3944; baseline -0.003 -12"><span class='ocrx_word' id='word_1_276' title='bbox 637 3880 886 3944; x_wconf 77' lang='lat' dir='ltr'><strong>oppidum</strong></span> <span class='ocrx_word' id='word_1_277' title='bbox 907 3874 1086 3937; x_wconf 70' lang='lat' dir='ltr'><strong>fuisse,</strong></span> <span class='ocrx_word' id='word_1_278' title='bbox 1123 3874 1205 3922; x_wconf 85' lang='lat' dir='ltr'><strong>cui</strong></span> <span class='ocrx_word' id='word_1_279' title='bbox 1240 3886 1376 3922; x_wconf 80' lang='lat' dir='ltr'><strong>nunc</strong></span> <span class='ocrx_word' id='word_1_280' title='bbox 1395 3887 1582 3922; x_wconf 82' lang='lat' dir='ltr'><strong>nomeu</strong></span> <span class='ocrx_word' id='word_1_281' title='bbox 1606 3873 1695 3922; x_wconf 76' lang='lat' dir='ltr'><strong>At·</strong></span> <span class='ocrx_word' id='word_1_282' title='bbox 1771 3875 1885 3924; x_wconf 74' lang='lat' dir='ltr'><strong>nius</strong></span> <span class='ocrx_word' id='word_1_283' title='bbox 1907 3875 2166 3924; x_wconf 78' lang='lat' dir='ltr'><strong>meminit:</strong></span> <span class='ocrx_word' id='word_1_284' title='bbox 2202 3876 2254 3925; x_wconf 87' lang='lat' dir='ltr'><strong>id</strong></span> <span class='ocrx_word' id='word_1_285' title='bbox 2294 3876 2453 3925; x_wconf 72' lang='lat' dir='ltr'><strong>sumo</strong></span> <span class='ocrx_word' id='word_1_286' title='bbox 2482 3879 2532 3926; x_wconf 87' lang='lat' dir='ltr'><strong>iu</strong></span> <span class='ocrx_word' id='word_1_287' title='bbox 2568 3887 2828 3928; x_wconf 77' lang='lat' dir='ltr'><strong>conventu</strong></span> 
     </span>
     <span class='ocr_line' id='line_1_37' title="bbox 638 3947 2827 4017; baseline -0 -14"><span class='ocrx_word' id='word_1_288' title='bbox 638 3957 795 4016; x_wconf 65' lang='lat' dir='ltr'><strong>meda,</strong></span> <span class='ocrx_word' id='word_1_289' title='bbox 817 3957 1001 4016; x_wconf 76' lang='lat' dir='ltr'><strong>quarto</strong></span> <span class='ocrx_word' id='word_1_290' title='bbox 1023 3947 1225 3997; x_wconf 78' lang='lat' dir='ltr'><strong>milliari</strong></span> <span class='ocrx_word' id='word_1_291' title='bbox 1249 3963 1278 3996; x_wconf 81' lang='lat' dir='ltr'><strong>a</strong></span> <span class='ocrx_word' id='word_1_292' title='bbox 1300 3947 1486 3997; x_wconf 81' lang='lat' dir='ltr'><strong>Toleto</strong></span> <span class='ocrx_word' id='word_1_293' title='bbox 1516 3957 1696 3998; x_wconf 75' lang='lat' dir='ltr'><strong>censet</strong></span> <span class='ocrx_word' id='word_1_294' title='bbox 1776 3949 2077 4015; x_wconf 74' lang='lat' dir='ltr'><strong>Astigitauo</strong></span> <span class='ocrx_word' id='word_1_295' title='bbox 2100 3950 2266 4014; x_wconf 85' lang='lat' dir='ltr'><strong>ponit,</strong></span> <span class='ocrx_word' id='word_1_296' title='bbox 2288 3959 2343 4000; x_wconf 84' lang='lat' dir='ltr'><strong>et</strong></span> <span class='ocrx_word' id='word_1_297' title='bbox 2368 3951 2546 4004; x_wconf 70' lang='lat' dir='ltr'><strong>Cati-al</strong></span> <span class='ocrx_word' id='word_1_298' title='bbox 2576 3954 2827 4017; x_wconf 74' lang='lat' dir='ltr'><strong>interpro-</strong></span> 
     </span>
     <span class='ocr_line' id='line_1_38' title="bbox 641 4023 2830 4094; baseline -0.001 -13"><span class='ocrx_word' id='word_1_299' title='bbox 641 4029 926 4084; x_wconf 74' lang='lat' dir='ltr'><strong>Ferrarius,</strong></span> <span class='ocrx_word' id='word_1_300' title='bbox 959 4039 1114 4089; x_wconf 82' lang='lat' dir='ltr'><strong>quem</strong></span> <span class='ocrx_word' id='word_1_301' title='bbox 1141 4023 1192 4072; x_wconf 87' lang='lat' dir='ltr'><strong>iu</strong></span> <span class='ocrx_word' id='word_1_302' title='bbox 1210 4023 1404 4074; x_wconf 75' lang='lat' dir='ltr'><strong>Tabula</strong></span> <span class='ocrx_word' id='word_1_303' title='bbox 1427 4023 1697 4088; x_wconf 61' lang='lat' dir='ltr'><strong>Hispania</strong></span> <span class='ocrx_word' id='word_1_304' title='bbox 1778 4034 1940 4084; x_wconf 72' lang='lat' dir='ltr'><strong>tatur,</strong></span> <span class='ocrx_word' id='word_1_305' title='bbox 1988 4028 2074 4091; x_wconf 83' lang='lat' dir='ltr'><strong>qui</strong></span> <span class='ocrx_word' id='word_1_306' title='bbox 2126 4028 2269 4077; x_wconf 76' lang='lat' dir='ltr'><strong>locus</strong></span> <span class='ocrx_word' id='word_1_307' title='bbox 2318 4028 2371 4077; x_wconf 86' lang='lat' dir='ltr'><strong>in</strong></span> <span class='ocrx_word' id='word_1_308' title='bbox 2422 4029 2644 4080; x_wconf 77' lang='lat' dir='ltr'><strong>confinio</strong></span> <span class='ocrx_word' id='word_1_309' title='bbox 2688 4031 2830 4094; x_wconf 61' lang='lat' dir='ltr'><strong>regni</strong></span> 
     </span>
     <span class='ocr_line' id='line_1_39' title="bbox 637 4099 2831 4166; baseline -0.001 -11"><span class='ocrx_word' id='word_1_310' title='bbox 637 4114 848 4160; x_wconf 67' lang='lat' dir='ltr'><strong>secunus</strong></span> <span class='ocrx_word' id='word_1_311' title='bbox 893 4103 1073 4152; x_wconf 70' lang='lat' dir='ltr'><strong>Sanno.</strong></span> <span class='ocrx_word' id='word_1_312' title='bbox 1149 4099 1366 4166; x_wconf 61' lang='grc' dir='ltr'><strong>δτι-ἱρή,</strong></span> <span class='ocrx_word' id='word_1_313' title='bbox 1413 4101 1465 4150; x_wconf 86' lang='lat' dir='ltr'><strong>in</strong></span> <span class='ocrx_word' id='word_1_314' title='bbox 1511 4101 1696 4166; x_wconf 82' lang='lat' dir='ltr'><strong>quibus</strong></span> <span class='ocrx_word' id='word_1_315' title='bbox 1778 4102 2111 4152; x_wconf 64' lang='lat' dir='ltr'><strong>ornamentis</strong></span> <span class='ocrx_word' id='word_1_316' title='bbox 2126 4109 2185 4150; x_wconf 83' lang='lat' dir='ltr'><strong>et</strong></span> <span class='ocrx_word' id='word_1_317' title='bbox 2204 4101 2549 4164; x_wconf 73' lang='lat' dir='ltr'><strong>Hispalensis.</strong></span> <span class='ocrx_word' id='word_1_318' title='bbox 2608 4106 2713 4156; x_wconf 73' lang='lat' dir='ltr'><strong>Sed</strong></span> <span class='ocrx_word' id='word_1_319' title='bbox 2732 4107 2831 4158; x_wconf 81' lang='lat' dir='ltr'><strong>hoc</strong></span> 
     </span>
     <span class='ocr_line' id='line_1_40' title="bbox 645 4174 2525 4242; baseline -0.003 -9"><span class='ocrx_word' id='word_1_320' title='bbox 645 4180 794 4233; x_wconf 87' lang='lat' dir='ltr'><strong>Colb.</strong></span> <span class='ocrx_word' id='word_1_321' title='bbox 829 4178 1022 4229; x_wconf 75' lang='lat' dir='ltr'><strong>liabent</strong></span> <span class='ocrx_word' id='word_1_322' title='bbox 1042 4176 1267 4227; x_wconf 65' lang='lat' dir='ltr'><strong>Ancum.</strong></span> <span class='ocrx_word' id='word_1_323' title='bbox 1335 4177 1401 4226; x_wconf 81' lang='lat' dir='ltr'><strong>Et</strong></span> <span class='ocrx_word' id='word_1_324' title='bbox 1429 4174 1582 4231; x_wconf 75' lang='lat' dir='ltr'><strong>facile</strong></span> <span class='ocrx_word' id='word_1_325' title='bbox 1608 4191 1696 4239; x_wconf 86' lang='lat' dir='ltr'><strong>po·</strong></span> <span class='ocrx_word' id='word_1_326' title='bbox 1778 4179 1975 4242; x_wconf 69' lang='lat' dir='ltr'><strong>lougius</strong></span> <span class='ocrx_word' id='word_1_327' title='bbox 1994 4177 2155 4226; x_wconf 69' lang='lat' dir='ltr'><strong>distat</strong></span> <span class='ocrx_word' id='word_1_328' title='bbox 2177 4192 2209 4226; x_wconf 83' lang='lat' dir='ltr'><strong>a</strong></span> <span class='ocrx_word' id='word_1_329' title='bbox 2232 4177 2525 4234; x_wconf 72' lang='lat' dir='ltr'><strong>Celtiberis.</strong></span> 
     </span>
     <span class='ocr_line' id='line_1_41' title="bbox 645 4253 1699 4320; baseline -0.009 -9"><span class='ocrx_word' id='word_1_330' title='bbox 645 4260 746 4311; x_wconf 81' lang='lat' dir='ltr'><strong>tuit</strong></span> <span class='ocrx_word' id='word_1_331' title='bbox 775 4258 828 4308; x_wconf 87' lang='lat' dir='ltr'><strong>iu</strong></span> <span class='ocrx_word' id='word_1_332' title='bbox 859 4255 1080 4320; x_wconf 69' lang='lat' dir='ltr'><strong>vulgatis</strong></span> <span class='ocrx_word' id='word_1_333' title='bbox 1101 4255 1331 4319; x_wconf 78' lang='lat' dir='ltr'><strong>irrepere</strong></span> <span class='ocrx_word' id='word_1_334' title='bbox 1357 4253 1406 4304; x_wconf 83' lang='grc' dir='ltr'><strong>Ε</strong></span> <span class='ocrx_word' id='word_1_335' title='bbox 1431 4267 1524 4317; x_wconf 81' lang='lat' dir='ltr'><strong>pro</strong></span> <span class='ocrx_word' id='word_1_336' title='bbox 1558 4254 1620 4315; x_wconf 89' lang='lat' dir='ltr'><strong>C,</strong></span> <span class='ocrx_word' id='word_1_337' title='bbox 1643 4261 1699 4303; x_wconf 87' lang='lat' dir='ltr'><strong>et</strong></span> 
     </span>
    </p>
   </div>
  </div>
 </body>
</html>
