3159 4934
560 382 736 451 2168
1524 394 1598 446 τ.
1639 396 1834 447 mvn

568 566 687 612 sus
712 552 761 584 ¹¹
806 544 917 609 die
948 544 1138 611 dicta
1166 543 1290 609 Cn.
1324 542 1662 622 Fulvium,
1685 546 1774 609 ob
1797 543 2160 609 exercitum
2180 542 2249 607 in
2275 541 2526 626 Apulia
2557 544 2758 608 amis-

568 664 741 725 sum,
774 647 840 710 in
871 647 1305 712 concionibus
1335 644 1670 711 vexabat:
1715 645 2003 709 ‘multos
2033 646 2468 727 imperatores
2487 651 2513 679 0
2559 649 2760 709 teme-

565 751 766 812 ritate
814 753 1017 830 atque
1066 748 1493 812 inscientia¹⁸
1538 746 1905 811 exercitum
1953 746 2023 809 in
2073 744 2297 809 locum
2347 742 2760 827 praecipitem

568 848 968 932 perduxisse
989 848 1006 873 ⁹
1046 848 1405 913 dictitans:
1468 852 1491 883 ‘
1514 848 1869 925 neminem,
1931 853 2172 929 praeter
2229 844 2357 910 Cn.
2415 845 2757 924 Fulvium,

570 954 721 1014 ante
750 951 1127 1033 corrupisse
1156 951 1469 1015 omnibns
1512 951 1690 1014 vitiis
1735 950 2032 1033 legiones
2071 967 2257 1026 suas,
2287 966 2490 1032 quam
2521 948 2762 1030 prode·

568 1058 689 1115 ret.
777 1052 1015 1136 Itaque
1062 1071 1213 1115 vere
1243 1051 1381 1116 dici
1410 1071 1635 1135 posse,
1667 1052 1850 1135 prius
1880 1070 2004 1115 eos
2036 1051 2309 1134 perisse,
2343 1067 2543 1133 quam
2576 1050 2763 1113 vide-

572 1164 719 1218 rent
770 1154 1071 1235 hostem3
1115 1173 1243 1219 nec
1292 1154 1379 1217 ab
1424 1135 1835 1230 Hannibale,
1883 1152 2006 1217 sed
2049 1153 2140 1217 ab
2179 1153 2576 1235 imperatore
2607 1171 2759 1227 suo,

572 1254 789 1321 victos
836 1272 1013 1318 esse.
1100 1253 1481 1333 Neminem,
1534 1274 1689 1319 cum
1733 1253 2114 1335 suffragium
2159 1253 2362 1332 ineat,
2409 1254 2577 1317 satis
2619 1272 2764 1317 cer-

570 1374 747 1431 nere,
779 1356 888 1419 cui
928 1356 1303 1438 imperium,
1336 1359 1449 1422 cui
1487 1357 1852 1423 exercitum
1891 1357 2245 1440 permittat.
2337 1354 2520 1434 Quid
2565 1355 2762 1419 inter-

570 1456 779 1521 fuisse
814 1458 981 1522 inter
1007 1458 1117 1522 Ti.
1149 1458 1662 1543 Sempronium?
1691 1467 1737 1507 ¹³
1759 1457 1778 1495 ‘
1863 1460 2036 1525 Cum
2059 1460 2124 1524 ei
2153 1478 2492 1523 servorum
2509 1455 2766 1520 exerci-

572 1564 684 1622 tus
716 1561 916 1625 datus
942 1567 1149 1637 esset,
1177 1560 1363 1625 brevi
1402 1560 1708 1627 effecisse
1735 1559 2092 1645 disciplina
2122 1567 2325 1643 atque
2355 1556 2658 1641 imperio,
2691 1564 2766 1619 ut

573 1680 767 1725 nemo
794 1682 1017 1725 eorum
1047 1663 1311 1744 generis
1342 1682 1424 1727 ac
1456 1664 1806 1745 sanguinis
1843 1664 1947 1727 sui
1989 1678 2239 1726 memor
2277 1662 2349 1725 iu
2379 1660 2528 1723 acie
2559 1664 2764 1736 esset,

572 1764 897 1844 praesidio
918 1764 1143 1840 sociiS,
1172 1763 1483 1829 hostibus
1513 1765 1747 1828 terrori
1775 1772 2023 1827 essent.
2110 1763 2386 1838 GumaS,
2417 1760 2768 1824 Beneven-

574 1869 766 1938 tum‚⁸
808 1864 1111 1946 aliasque
1140 1866 1337 1927 urbes
1368 1881 1487 1927 eos
1513 1864 1694 1927 velut
1724 1882 1763 1926 e
1793 1862 2101 1927 faucibus
2133 1860 2542 1926 Hannibalis
2577 1877 2770 1941 erep-

572 1971 681 2028 tas
714 1964 975 2047 populo
1006 1963 1320 2029 Romano
1344 1964 1801 2029 restituisse-¹⁴
1885 1963 2012 2028 Gn.
2048 1962 2363 2027 Fulvium
2397 1958 2767 2038 Quiritium

574 2062 1033 2129 Romanorum
1080 2066 1477 2144 exercitum,
1516 2064 1793 2130 honeste
1835 2066 2111 2147 genitos,
2137 2063 2490 2127 liberaliter
2517 2061 2770 2126 educa-

572 2168 701 2242 tos,
754 2166 1111 2231 servilibus
1152 2166 1339 2232 vitiis
1386 2168 1731 2231 imbuisse.
1821 2165 1996 2249 Ergo
2031 2164 2366 2241 effecisse,
2397 2167 2475 2227 ut
2511 2163 2769 2227 seroces

572 2273 641 2329 et
668 2267 939 2349 inquieti
972 2269 1149 2331 iuter
1178 2269 1431 2345 socios,
1464 2269 1690 2350 ignavi
1729 2273 1794 2332 et
1841 2266 2146 2334 imbelles
2187 2265 2356 2329 inter
2395 2263 2622 2327 hostes
2663 2283 2770 2327 es-

576 2371 749 2443 sent,
778 2386 897 2430 nec
927 2367 1254 2450 impetum
1300 2368 1505 2433 modo
1544 2367 1939 2445 Poenorum,
1971 2366 2092 2431 sed
2125 2385 2208 2431 ne
2239 2366 2592 2429 clamorem
2621 2364 2769 2447 qui-

576 2466 727 2529 dem
760 2468 1090 2531 sustinere
1122 2473 1423 2548 possent.
1512 2467 1668 2532 Nec
1711 2466 2008 2531 Hercule
2041 2468 2277 2531 mirum
2309 2486 2484 2542 esse,
2524 2466 2770 2529 milites

574 2565 643 2629 iu
674 2568 819 2632 acie
848 2588 979 2633 nou
1010 2570 1361 2645 stetisse,¹⁵
1385 2566 1411 2604 ¹³
1454 2588 1606 2633 cum
1639 2570 1898 2652 primus
1935 2571 2231 2633 omnium
2257 2569 2631 2651 imperator
2666 2562 2777 2632 suss

1504 2732 1870 2753 WOOOm

573 2844 700 2879 enrae
722 2828 987 2889 sore.—10
1024 2829 1108 2881 Al.
1132 2830 1471 2891 [σαπῇ-11
1506 2833 1684 2882 Blesum
1722 2834 1919 2883 ale-12
1954 2834 2113 2882 Multa
2145 2833 2472 2895 imperatorem
2506 2829 2774 2880 temeritate

572 2900 715 2955 atque
738 2894 931 2943 inscitia
954 2894 1021 2942 nl.
1094 2895 1319 2945 Quidam
1342 2897 1657 2959 imperatorin.
1693 2898 1817 2947 Pnt.
1839 2899 1986 2946 mutto
2005 2898 2458 2959 imperatorem—13
2491 2903 2508 2925 ⁶
2527 2897 2660 2945 Sunt
2683 2897 2771 2956 qni

573 2958 759 3005 malint
782 2958 939 3005 scribi
964 2958 1071 3017 vel,
1092 2958 1225 3013 Quid
1252 2958 1527 3018 interfuisse
1548 2961 1678 3009 inter
1695 2962 1818 3009 husie
1838 2967 1886 3010 et
1913 2962 1969 3010 T.
1991 2961 2174 3023 διαιρῇ
2204 2961 2306 3021 vel,
2335 2961 2466 3015 Quid
2499 2958 2774 3017 interfuirre

574 3020 695 3068 nune
718 3025 767 3068 et
793 3020 850 3067 T.
868 3020 1051 3083 Sempr-
1076 3022 1177 3075 vel,
1205 3022 1337 3076 Quid
1358 3023 1635 3083 interfuisse
1653 3024 1782 3073 inter
1801 3024 1921 3072 hunc
1941 3030 1988 3073 et
2011 3026 2137 3073 inter
2161 3024 2217 3073 T.
2236 3025 2424 3085 Sempr.
2497 3025 2600 3073 Sed
2623 3024 2770 3085 ellip-

572 3083 653 3131 sin
690 3083 817 3131 inter
847 3084 969 3132 hune
1001 3097 1103 3132 non
1138 3086 1339 3149 respuit
1371 3085 1596 3135 fortusse
1629 3087 1867 3151 loquendi
1907 3102 2030 3137 usus
2066 3096 2123 3137 et
2157 3088 2424 3138 brevitas?
2466 3088 2772 3150 During.—

1570 3215 1788 3266 NOTAE

633 3331 660 3357 ⁷·
692 3322 877 3371 Multos
905 3322 1234 3389 imperatores]
1274 3324 1425 3377 Hanc
1452 3328 1638 3379 lectio·
1720 3338 1803 3379 ter
1826 3331 1923 3381 Cn.
1945 3332 2180 3381 Fulvium
2199 3336 2254 3382 et
2276 3331 2373 3382 Cn.
2391 3330 2772 3395 Sempronium.

574 3412 692 3449 nem
733 3400 939 3458 exigere
978 3400 1222 3451 videntur
1254 3403 1542 3467 sequentis,
1577 3412 1638 3455 ut
1717 3406 1822 3455 Sed
1853 3408 1978 3455 nibil
2009 3408 2200 3469 deerit,
2219 3408 2260 3456 ei
2285 3408 2594 3470 scripturam
2623 3407 2770 3455 unius

573 3474 893 3537 comparatio
916 3475 1215 3527 instituatur
1234 3480 1371 3527 inter
1394 3479 1493 3529 Cn.
1514 3480 1638 3529 Ful·
1717 3495 1748 3529 ε
1774 3481 2027 3530 Palatinis
2065 3482 2333 3549 qodicibut
2355 3496 2650 3545 sequamur,
2684 3482 2770 3545 qni

574 3550 650 3597 vii
684 3555 740 3597 et
774 3550 987 3598 aliorum
1024 3550 1211 3599 ducum
1236 3553 1461 3615 culpam.
1506 3555 1636 3605 Eam
1719 3564 1853 3605 teste
1877 3556 2145 3606 Gronovio
2167 3558 2343 3614 lubet,
2365 3560 2477 3621 qnid
2497 3557 2773 3618 interficiere

575 3622 740 3672 Gron.
762 3624 895 3672 eruit
918 3638 982 3672 ex
1011 3624 1253 3674 Puteano
1276 3628 1511 3685 meliore,
1546 3628 1634 3679 nbi
1714 3632 1842 3681 inter
1877 3633 1999 3681 hune
2019 3638 2066 3681 et
2102 3633 2209 3683 Tib.
2233 3633 2563 3697 Sempronium
2580 3650 2596 3679 .-
2631 3631 2772 3696 quod

572 3698 718 3746 multo
746 3697 1065 3761 imperatorer,
1096 3714 1214 3751 eum
1246 3702 1400 3766 vulgo
1434 3704 1633 3767 legere·
1713 3707 1907 3770 malim,
1959 3722 2115 3771 quam
2167 3708 2303 3772 quod
2350 3707 2578 3757 Gronov.
2623 3708 2767 3757 idem

574 3778 661 3820 tur
681 3775 829 3822 mult«
850 3774 1178 3837 imperatorem
1212 3779 1474 3829 temeritate
1493 3785 1635 3844 atque
1712 3781 1943 3845 subjicit,
1975 3784 2088 3844 quid
2123 3782 2395 3842 interfuisse
2423 3783 2544 3831 hunc
2580 3788 2628 3832 et
2662 3782 2768 3831 Tib.

570 3846 785 3911 inscitia,
806 3856 861 3896 et
888 3850 937 3897 in
959 3852 1171 3913 ner-iptio
1210 3854 1467 3917 plerisque
1492 3863 1634 3905 esset
1709 3856 2066 3920 Sempronium.-
2087 3872 2375 3924 quanquam
2395 3858 2544 3920 liujus
2562 3872 2769 3922 quoque

570 3924 724 3974 muca
756 3924 1056 3987 imperatorie
1083 3927 1351 3977 temeritate
1380 3936 1522 3994 atque
1553 3930 1628 3979 in·
1709 3936 1949 3998 loquendi
1963 3935 2138 3986 forma!
2151 3938 2438 3999 exemplum
2449 3935 2620 3999 affert,
2639 3940 2654 3966 ‘
2671 3937 2768 3987 hoe

572 3999 789 4049 εσίηιὴα.
1713 4019 1862 4074 peter
1886 4026 1947 4061 nc
1971 4011 2209 4061 dominns
2233 4014 2488 4063 interest:

636 4072 655 4107 ¹
675 4076 809 4129 Quid
840 4074 1113 4135 interfuisse
1146 4076 1273 4127 inter
1305 4080 1383 4129 Ti.
1408 4082 1630 4146 Sempro·
1775 4092 1802 4129 ε
1837 4086 2028 4146 cnm,
2051 4086 2394 4149 Beneventum]
2424 4087 2514 4137 Sic
2537 4084 2769 4136 restituit

570 4150 724 4213 nium]
760 4152 863 4201 Hic
902 4154 1109 4216 ellipsin
1142 4159 1422 4208 notandam
1455 4168 1632 4210 mouet
1713 4176 1778 4211 ex
1804 4162 2034 4211 Putenno
2053 4160 2280 4212 Gronov.
2337 4162 2548 4214 Editum
2579 4162 2768 4225 fuerat,

572 4224 753 4287 Sigon.
777 4227 1265 4292 rubintelligendum
1288 4232 1424 4283 euim
1446 4242 1529 4284 ent
1554 4236 1630 4284 iu·
1711 4252 1816 4287 cuin
1837 4240 1900 4285 ad
1917 4238 2252 4289 Beneventum.
