3159 4934
1164 418 1313 469 mn.
1359 420 1551 469 xxv,
1598 420 1763 470 cn».
1803 404 1915 471 34.
2458 404 2634 471 2145

441 581 573 645 quc
596 562 999 627 occurrisset
1025 569 1079 611 ¹⁴
1108 564 1287 643 loco,
1320 564 1628 648 praelium
1658 569 2054 631 consereret.
2143 563 2414 629 Relicto
2431 565 2632 647 igitur

439 661 709 728 modico
734 664 1053 746 praesidio
1076 665 1142 728 in
1168 666 1423 744 castris,
1447 668 1949 750 praepositoque
1975 666 2058 730 Τ.
2079 664 2368 731 Fonteio
2389 666 2633 748 legate,

438 764 663 829 media
690 772 891 830 nocte
921 766 1278 849 profectus,
1313 787 1463 832 cum
1498 768 1722 833 obviis
1746 768 2052 833 hostibus
2075 777 2101 803 ¹
2129 788 2369 835 manus
2393 776 2444 815 ¹5
2475 787 2634 833 con·

438 866 666 931 seruit.
754 864 1045 951 Agmina
1074 869 1312 951 magis,
1343 887 1545 952 quam
1569 871 1777 948 acies,
1798 871 2186 953 pugnabant
2213 882 2291 931 ε·
2332 870 2636 954 superior

440 974 690 1045 tamen,
720 974 793 1032 ut
830 970 896 1033 in
942 970 1377 1035 tumultuaria
1420 989 1668 1053 pugna,
1698 970 2044 1037 Romanus
2071 978 2234 1037 erat.
2323 971 2636 1036 Ceterum

440 1076 511 1132 et
552 1070 815 1153 equites
862 1069 1181 1136 Numidae
1222 1080 1523 1155 repente,
1570 1092 1742 1157 quos
1783 1074 2110 1138 fefellisse
2155 1094 2228 1139 se
2269 1074 2410 1138 dux
2453 1080 2636 1137 ratus

440 1177 601 1248 erat,
648 1174 735 1235 ab
781 1172 1105 1237 lateribus
1152 1173 1557 1255 circumfusi,
1616 1196 1924 1258 magnum
1976 1182 2282 1240 terrorem
2335 1174 2636 1239 intulere.

442 1269 805 1339 contracto
849 1274 1169 1341 adversus
1201 1275 1533 1342 Numidas
1561 1278 1919 1342 certamine
1949 1294 2148 1353 novo,
2179 1277 2408 1341 tertius
2453 1262 2640 1339 insu-

441 1393 561 1457 per
581 1375 850 1441 advenit
890 1376 1135 1456 hostis,
1164 1377 1375 1443 duces
1400 1379 1627 1457 Poeni,
1653 1380 1942 1443 assecuti
1970 1379 2056 1443 ab
2090 1385 2271 1461 tergo
2287 1378 2432 1461 Jam
2469 1396 2636 1460 pug-

440 1485 709 1559 nantes;
737 1496 1131 1562 ancepsque
1150 1480 1448 1562 praelium
1473 1480 1822 1545 Romanos
1847 1481 2408 1555 circumsteterat,
2429 1480 2641 1544 incer-

441 1583 547 1642 tos
574 1579 641 1642 in
670 1598 869 1663 quem
898 1580 1329 1674 potissimum
1357 1579 1644 1657 hostem,
1669 1600 1959 1664 quamve
1981 1583 2047 1645 in
2076 1586 2328 1665 partem
2358 1580 2641 1645 conferti

444 1682 865 1763 eruptionem
890 1681 1201 1747 facerent.
1285 1682 1624 1765 Pugnanti
1663 1681 2092 1766 hortantique
2131 1682 2534 1765 imperatori,
2573 1687 2644 1746 et

448 1780 745 1848 offerenti
784 1802 883 1862 se,
924 1783 1045 1848 ubi
1084 1782 1411 1868 plurimus
1440 1783 1636 1847 labor
1663 1788 1828 1861 erat,
1853 1783 2032 1848 latus
2063 1783 2376 1848 dextrum
2401 1783 2642 1847 lancea

446 1883 821 1965 trajicitur:
868 1904 1253 1970 cuneusque
1280 1886 1343 1949 is
1366 1885 1684 1963 hostium,
1711 1886 1829 1970 qui
1857 1887 1925 1950 in
1955 1885 2291 1950 confertos
2318 1886 2500 1949 circa
2521 1883 2642 1948 du-

444 2001 591 2047 cem
640 1987 959 2069 impetum
994 1987 1272 2064 fecerat,
1318 1990 1391 2051 ut
1442 1988 1820 2051 exanimem
1873 1987 2210 2052 labentem
2233 1984 2286 2027 ¹⁶
2328 2005 2420 2050 ex
2467 2004 2643 2070 equo

448 2083 835 2166 Scipionem
884 2088 1074 2165 vidit,
1127 2089 1389 2152 alacres
1443 2088 1692 2169 gaudio
1741 2106 1894 2151 cum
1938 2089 2226 2154 clamore
2267 2106 2392 2169 per
2433 2092 2644 2151 totam

448 2184 664 2249 aciem
708 2186 1079 2251 nuntiantes
1121 2187 1511 2263 discurrunt,
1554 2188 2020 2269 imperatorem
2051 2188 2427 2252 Romanum
2473 2190 2646 2253 ceci-

452 2284 654 2349 disse.
742 2286 919 2351 Haec
956 2294 1317 2370 pervagata
1361 2288 1616 2370 passim
1645 2308 1811 2365 vox,
1847 2295 1926 2351 ut
1953 2295 2020 2353 et
2045 2287 2272 2352 hostes
2313 2288 2493 2353 haud
2523 2289 2646 2355 du-

450 2385 561 2450 bie
590 2406 715 2469 pro
740 2388 1137 2467 victoribus,
1156 2396 1225 2452 et
1254 2388 1547 2453 Romani
1571 2408 1696 2471 pro
1719 2390 1918 2454 victis
1947 2394 2193 2468 essent,
2211 2390 2393 2456 fecit.
2457 2389 2648 2474 Fuga

450 2487 805 2554 confestim
847 2509 937 2554 ex
978 2491 1143 2568 acie,
1182 2490 1353 2555 duce
1382 2492 1656 2569 amisso,
1679 2491 1821 2555 fieri
1857 2500 2088 2575 coepta
2113 2498 2244 2555 est.
2331 2490 2643 2557 Ceterum

449 2597 525 2653 ut
552 2589 639 2655 ad
668 2592 1145 2676 erumpendum
1178 2592 1349 2656 inter
1384 2591 1719 2659 Numidas
1751 2594 2138 2676 leviumque
2160 2612 2482 2657 armorum
2508 2593 2646 2657 alia

454 2692 771 2757 auxilia¹⁷
788 2701 818 2739 s
846 2693 1026 2758 hand
1047 2692 1339 2758 difficilis
1362 2702 1499 2759 erat
1520 2716 1539 2774 ;
1562 2702 1588 2730 ⁸
1631 2695 1726 2758 ita
1747 2694 2030 2777 effugere
2049 2700 2301 2759 tantum
2327 2696 2645 2777 equitum,

516 2862 555 2887 ¹¹⁸
587 2857 902 2917 Pugnabam·
931 2872 1025 2907 aon
1047 2858 1280 2909 instrum:
1299 2858 1419 2921 «eie,
1436 2860 1519 2908 sed
1540 2858 1680 2922 qum·
1702 2856 2054 2907 velitationibus
2071 2858 2274 2920 sparsim
2295 2873 2352 2907 uc
2385 2857 2644 2923 manipula·

458 2920 547 2968 tint
562 2920 715 2969 initis.

1371 3000 1732 3021 “Nlmlloo

455 3083 585 3130 -14
620 3078 704 3129 At.
727 3082 1177 3133 ummah—16
1210 3082 1332 3133 Vet.
1352 3083 1442 3133 lib.
1466 3098 1552 3147 ap.
1576 3083 1760 3149 Sigon.
1779 3086 2121 3135 manum—16
2142 3081 2228 3131 Al.
2248 3081 2648 3146 lubente-tque.—

458 3146 521 3191 1⁷
553 3150 569 3173 ⁸
596 3146 831 3195 Numidas
867 3147 1053 3211 aliaque
1091 3148 1262 3197 levium
1303 3152 1591 3198 armatorum
1631 3164 1748 3197 aux.
1793 3148 1926 3197 Edd.
1969 3155 2088 3198 ante
2133 3147 2363 3196 GronoV.
2413 3148 2650 3198 Numidas

455 3207 713 3273 uvamque
733 3224 969 3260 armorum
987 3212 1171 3261 auxilia
1194 3212 1425 3261 Gronov.
1470 3226 1592 3261 mox
1618 3212 1925 3261 vocabulum
1945 3226 2041 3276 ree,
2066 3212 2203 3276 quod
2225 3212 2277 3260 in
2296 3213 2554 3262 nonnullis
2577 3226 2644 3261 ex

456 3274 669 3337 optimis
692 3274 820 3325 Mss-
842 3274 1180 3339 desideratur,
1202 3274 1399 3325 delevit
1417 3275 1666 3326 Crevier)
1705 3274 1896 3325 Smila.

1440 3388 1664 3439 No'rAE

521 3488 549 3515 ¹
584 3485 705 3532 cm
738 3482 888 3532 obviis
923 3482 1161 3547 hostibus]
1196 3483 1326 3535 Cum
1351 3483 1513 3547 copiis
1595 3497 1728 3534 unus
1767 3483 1925 3535 habet
1945 3483 2075 3533 inter·
2107 3481 2360 3539 Numida,
2390 3483 2648 3547 leviantquq

460 3556 527 3606 ab
550 3556 763 3607 Indibili
786 3558 1022 3608 adductis
1044 3558 1095 3606 in
1127 3558 1372 3609 auxilium
1395 3560 1514 3609 Poe·
1593 3574 1830 3609 armorum
1849 3560 1949 3609 ulia
1965 3556 2167 3607 anxium

460 3646 663 3683 norum.
1655 3642 1679 3668 ⁸
1711 3634 1864 3685 Haud
1881 3632 2090 3700 difficilis
2113 3630 2236 3695 [res]
2257 3632 2384 3695 nat]
2431 3632 2532 3683 Sed
2557 3647 2648 3684 no-

493 3709 1515 3774 ’Levimqueammmdiaauaeitiawi-
1594 3722 1712 3759 men
1746 3723 1825 3758 res
1859 3710 1916 3757 in
1955 3708 2090 3757 Mu.
2123 3706 2302 3756 nullibi
2333 3714 2503 3757 extat:
2549 3724 2647 3761 nee

458 3786 762 3845 amusium
780 3790 1069 3835 armorum
1100 3784 1307 3850 auxilia]
1341 3785 1513 3848 Vulgo
1593 3792 1678 3835 ent
1711 3784 1850 3848 quod
1888 3781 2236 3841 desideretur,
2277 3796 2392 3831 cum
2428 3783 2650 3847 adjecti·

461 3857 539 3907 ita
558 3857 767 3921 legitur,
788 3874 883 3909 nec
904 3862 1053 3909 deest
1073 3862 1356 3911 auctoritas
1377 3862 1514 3911 cala·
1595 3872 1714 3909 vum
1745 3858 1954 3924 difficilis
1989 3856 2172 3907 referri
2209 3854 2364 3907 facile
2402 3859 2560 3920 possit
2583 3860 2650 3909 ad

463 3945 547 3982 mo
589 3942 931 3984 exaratorum.
1002 3936 1261 3985 Dicuntur
1306 3936 1513 4000 quidem
1594 3946 1780 3985 nomen
1797 3932 1948 3995 suga,
1969 3931 2104 3997 quod
2128 3932 2182 3979 ln
2202 3932 2454 3994 superiori
2481 3933 2650 3995 perio·

461 4008 765 4072 plerumque
780 4017 869 4059 aut
885 4010 1051 4059 leviter
1063 4010 1259 4072 amati,
1273 4018 1361 4060 aut
1376 4012 1517 4074 lem,
1595 4012 1664 4061 do
1685 4016 1782 4060 est.
1829 4011 1968 4074 Duo,
1992 4022 2120 4073 quos
2142 4020 2278 4056 nunc
2301 4007 2485 4069 liabeo,
2506 4007 2646 4070 igno·

465 4096 561 4148 pro
584 4082 857 4133 velitibus:
891 4084 981 4133 sed
1007 4085 1185 4149 quidni
1207 4091 1263 4132 et
1294 4086 1417 4136 leuen
1434 4100 1515 4135 ur·
1596 4090 1714 4135 rant
1729 4084 1788 4133 τὸ
1809 4090 1863 4135 at
1880 4100 1902 4145 ,-
1935 4092 1991 4135 et
2009 4097 2104 4148 pro
2117 4082 2324 4151 difficilia
2343 4097 2438 4140 res,
2451 4082 2646 4136 liabent

464 4160 601 4215 nati,
624 4166 683 4208 ut
701 4159 1001 4210 ostendatur
1033 4163 1125 4210 hos
1154 4160 1339 4211 velites
1360 4160 1516 4211 armis
1594 4161 1802 4226 difficile.

466 4235 604 4285 ultra
622 4248 819 4285 morem
842 4234 1119 4287 instructos
1133 4234 1291 4287 fuine
1312 4236 1332 4284 ἓ
1365 4236 1514 4287 Colb.
