3159 4934
1141 436 1287 487 mn.
1334 433 1529 486 xxv.
1576 437 1740 485 car.
1784 420 1893 487 28.
2267 430 2276 437 '
2434 422 2609 489 2135

420 576 731 642 libertate
760 596 841 642 ac
870 577 1127 660 legibus
1158 578 1303 641 suis
1332 582 1786 657 servarentur-3
1825 576 2130 643 evocatis
2163 576 2251 642 ad
2280 577 2608 662 colloqui-

422 697 535 741 um
564 678 690 756 his,
721 678 969 760 quibus
997 679 1083 741 ab
1114 676 1419 761 Epicyde
1448 679 1716 743 creditae
1745 698 1854 743 res
1895 683 2154 755 erant,¹⁹
2199 683 2218 712 ‘
2241 679 2486 757 missos
2529 698 2606 743 se

424 778 618 841 simul
666 778 749 841 ad
800 776 1251 855 Marcellum,¹’
1294 778 1495 841 simul
1541 777 1627 843 ad
1659 798 1778 841 eos
1805 780 1893 841 ab
1919 778 2216 843 exercitu
2245 785 2299 814 ²0
2343 778 2606 843 Siculo-

422 875 610 950 rum,’
654 879 863 953 aiunt,
928 885 947 912 ⁶
972 884 1043 942 ut
1100 897 1235 941 una
1292 878 1608 955 omnium,
1665 879 1781 961 qui
1840 878 2302 943 obsiderentur
2355 878 2609 962 quique

423 987 617 1041 extra
644 978 1065 1065 obsidionem
1092 983 1337 1055 essent,
1370 979 1632 1043 fortuna
1660 984 1882 1056 esset3
1925 997 2092 1043 neve
2121 978 2307 1043 alteri
2341 979 2608 1062 proprie

423 1078 553 1141 sibi
605 1080 1105 1161 paciscerentur
1147 1078 1553 1162 quicquam?
1643 1078 1932 1163 Recepti
1983 1079 2224 1143 deinde
2271 1081 2358 1143 ab
2398 1080 2508 1162 iis,
2537 1086 2610 1144 ut

423 1179 845 1243 necessarios
872 1178 1307 1263 hospitesque
1336 1179 1842 1263 alloquerentur,
1875 1181 2232 1263 expositis»,
2261 1198 2415 1261 quoe
2447 1199 2611 1263 pac-

426 1286 497 1343 ta
528 1280 853 1363 jamcum
884 1279 1211 1345 Marcello
1234 1281 1564 1357 haberent,
1588 1282 1814 1345 oblata
1843 1300 1966 1364 spe
1995 1282 2232 1345 salutis
2263 1282 2608 1363 perpulere

426 1398 568 1455 coe,
600 1388 679 1443 ut
704 1399 931 1445 secum
964 1380 1313 1461 praefectos
1345 1378 1690 1463 Epicydis,
1731 1380 2138 1463 Polyclitum
2167 1387 2235 1445 et·
2261 1380 2609 1445 Philistio-

423 1498 579 1546 nem
600 1491 675 1543 et
716 1478 1087 1563 Epicyden,
1116 1482 1225 1544 cui
1252 1479 1507 1546 Sindon
1527 1486 1547 1517 ¹
1593 1498 1956 1562 cognomen
1989 1489 2155 1559 erat,
2187 1482 2608 1563 aggrederen-

425 1590 553 1648 tur.
643 1582 1025 1647 Interfectis
1066 1583 1175 1659 iis,
1204 1590 1274 1645 et
1312 1581 1732 1646 multitudine
1776 1582 1862 1647 ad
1895 1583 2278 1648 concionem
2308 1593 2606 1662 vocata,²

426 1690 492 1748 et
520 1684 841 1768 inopiam,
870 1703 1005 1766 qua
1044 1684 1175 1766 ipsi
1221 1684 1389 1748 inter
1437 1703 1511 1747 se
1555 1683 1834 1749 fremere
1865 1686 2126 1750 occulte
2157 1686 2336 1749 soliti
2367 1694 2606 1764 erant,³

428 1786 807 1867 conquesti,
854 1787 876 1818 ‘
896 1802 1279 1868 quanquam
1308 1788 1409 1848 tot
1436 1784 1615 1849 mala
1661 1784 2004 1864 urgerent:
2053 1790 2387 1866 negarunt,
2435 1791 2455 1823 ‘
2472 1786 2609 1850 for-

426 1891 653 1949 tunam
684 1885 1139 1949 accusandam
1170 1904 1344 1961 esse,
1376 1882 1557 1967 quod
1597 1884 1664 1947 in
1702 1886 1998 1966 ipsorum
2041 1892 2220 1949 esset
2250 1890 2608 1967 potestate,

428 1984 743 2066 quamdin
802 2007 887 2050 ea
939 1992 1343 2068 paterentur.
1454 1983 1784 2049 Romanis
1839 2004 2116 2049 causam
2174 1986 2610 2068 oppugnandi

430 2085 805 2165 Syracusas
854 2085 1065 2149 fuisse
1120 2086 1473 2149 caritatem
1521 2082 2120 2165 Syracusanorum,
2153 2104 2278 2148 non
2332 2086 2609 2150 odium:

427 2203 611 2261 nam,
642 2190 720 2246 ut
746 2190 1123 2266 occupatas
1172 2201 1277 2247 res
1325 2184 1413 2246 ab
1462 2182 1862 2247 satellitibus
1914 2184 2343 2263 Hannibalis,
2377 2186 2612 2251 deinde

431 2283 852 2368 Hieronymi,
886 2284 1307 2368 Hippocrate
1346 2289 1545 2366 atque
1589 2282 1892 2368 Epicyde
1921 2285 2276 2364 audierint,
2309 2294 2446 2351 tum
2473 2288 2614 2350 bel-

428 2384 569 2450 lum
600 2387 919 2464 movisse,
946 2394 1011 2451 et
1040 2386 1347 2450 obsidere
1373 2387 1602 2451 urbem
1627 2387 1942 2468 coepisse,
1967 2392 2036 2450 ut
2055 2386 2362 2451 crudeles
2389 2396 2614 2471 tyran-

428 2506 557 2551 nos
596 2486 762 2569 ejus,
804 2505 933 2551 non
972 2494 1050 2551 ut
1092 2487 1307 2569 ipsam
1338 2486 1590 2563 urbem,
1619 2493 2096 2570 expugnarent.
2189 2487 2614 2569 Hippocrate

434 2605 593 2651 vero
620 2588 995 2665 interemto,
1026 2588 1329 2671 Epicyde
1374 2588 1730 2653 intercluso
1773 2588 1862 2652 al)
1899 2586 2280 2667 Syracosia,
2329 2594 2396 2651 et
2444 2608 2613 2671 prae·

431 2687 629 2755 fectis
684 2688 837 2771 ejus
896 2689 1165 2759 occisis,
1217 2686 1883 2766 Carthaginiensibus
1943 2688 2124 2749 omui
2185 2689 2614 2768 possessione

432 2787 689 2852 Siciliae
720 2798 897 2852 terra
924 2788 1223 2868 marique
1254 2786 1489 2868 pulsis,
1520 2804 1720 2869 quam
1765 2803 2122 2867 superesse
2169 2804 2440 2850 causam
2475 2786 2615 2849 Ro-

431 2892 668 2965 manis„
718 2908 834 2951 cur
876 2906 1027 2963 non,
1074 2883 1346 2970 perinde
1394 2904 1479 2950 ac
1530 2886 1589 2949 si
1640 2886 1858 2950 Hiero
1904 2888 2053 2969 ipse
2087 2887 2354 2960 viveret,
2383 2886 2614 2951 unicus

1346 3078 1642 3101 0000000000
1647 3078 1704 3101 ,Ο

503 3219 565 3265 19
599 3213 684 3263 ΑΙ.
715 3212 893 3261 eredita
914 3226 989 3259 rec
1008 3214 1256 3259 emh—20
1290 3210 1447 3259 Simul
1466 3212 1527 3259 ab
1558 3224 1612 3259 ω
1645 3213 1708 3259 od
1740 3213 1999 3261 exereitum
2019 3212 2152 3261 Edd.
2174 3220 2294 3262 ante
2319 3216 2615 3266 Crevier.—

438 3284 459 3327 1
499 3279 651 3327 Sidon
672 3277 803 3325 Edd.
834 3284 957 3324 ante
984 3274 1241 3322 Dalm—2
1274 3273 1359 3321 ΑΙ.
1392 3278 1756 3322 mmmm—8
1789 3276 1806 3303 ‘
1838 3275 1900 3323 ln
1923 3276 2038 3324 ced.
2063 3277 2187 3325 Put.
2220 3292 2322 3339 ‹1⁸1oe
2340 3280 2450 3339 ipsi.
2473 3288 2528 3329 et
2562 3281 2613 3328 in

433 3342 737 3407 quibusdam
779 3339 905 3388 Mss-
930 3352 1069 3401 quum
1102 3336 1371 3401 ipsaquod
1411 3336 1526 3385 loeo
1562 3349 1649 3385 ιιι.
1674 3340 1754 3384 ³8.
1777 3342 1826 3385 9.
1861 3353 1962 3388 non
1993 3340 2117 3387 satis
2152 3340 2415 3390 firmatur:
2454 3358 2545 3405 qu
2567 3350 2614 3392 et

431 3407 529 3469 ipsi
556 3405 691 3466 conj.
722 3404 877 3452 Crev.
910 3412 963 3449 et
991 3403 1049 3449 de
1080 3414 1175 3462 qua
1202 3404 1251 3448 et
1273 3400 1369 3463 ipsi
1395 3399 1650 3463 Deering.
1732 3400 1847 3464 Ego
1885 3404 2056 3465 potius
2094 3403 2420 3465 crediderim,
2459 3406 2616 3455 verba

435 3475 484 3518 ct
504 3469 707 3531 alapiam
732 3480 903 3528 parurn
928 3472 1048 3525 apta
1073 3464 1120 3511 Ι).
1145 3464 1179 3514 Ι.
1198 3478 1327 3523 esse,
1348 3472 1403 3512 et
1425 3465 1509 3513 vel
1540 3478 1608 3513 ea
1631 3464 1872 3520 delenda,
1896 3468 1975 3514 vel
2001 3467 2291 3531 legendum,
2319 3467 2380 3515 ob
2410 3468 2615 3532 mopiam

436 3547 540 3595 qua
556 3532 648 3595 ipa·
662 3528 1055 3587 ἐπισκῆψαι
1070 3535 1173 3578 cet.
1194 3536 1252 3577 ut
1267 3528 1286 3557 ‘
1303 3526 1525 3577 fremere
1544 3528 1736 3594 aliquid
1752 3526 1768 3551 ³
1789 3541 1877 3579 ιιι.
1898 3532 1979 3578 ⁸8.
1996 3534 2048 3580 0.
2066 3538 2122 3580 et
2141 3532 2349 3594 passim,
2365 3544 2482 3595 pro,
2499 3548 2613 3583 cum

1415 3689 1634 3741 NOTAE

437 3806 663 3867 fuerant,
676 3804 913 3855 Romanis
924 3802 1368 3867 relinquerenturz
1395 3816 1481 3865 po·
1562 3798 1753 3863 fuerat,
1785 3802 1950 3851 missos
1985 3800 2050 3850 ad
2093 3802 2375 3851 exercitum
2414 3804 2614 3855 Siculo-

439 3881 558 3944 pulo
578 3894 779 3929 suarum
800 3882 969 3942 legum
996 3893 1113 3928 usus
1136 3884 1443 3927 servaretur.
1566 3888 1676 3927 rum
1695 3892 1712 3926 ε
1746 3878 1881 3941 quod
1899 3891 2021 3927 sane
2035 3880 2204 3942 aptius
2223 3878 2288 3928 ad
2303 3881 2614 3943 persuaden-

504 3953 529 3987 δ
558 3954 739 4003 mam
767 3968 821 4002 ue
846 3955 989 4003 eiurat
1018 3955 1081 4001 ud
1102 3950 1403 4014 Man-eelim]
1436 3950 1484 3999 A
1564 3952 1686 4001 dum
1709 3950 1789 4013 iis,
1809 3952 1992 4017 quibus
2011 3954 2226 4004 credite
2243 3970 2324 4005 res
2345 3955 2410 4005 ab
2429 3957 2613 4005 eode-

442 4044 547 4094 qno
566 4030 783 4077 missos?
819 4028 899 4079 Ab
923 4029 1155 4092 Epicyde
1175 4030 1374 4090 opinor·
1420 4028 1485 4077 In
1566 4026 1806 4090 Epicyde
1822 4025 2048 4084 fuerant,
2067 4032 2274 4094 quamsi
2297 4031 2475 4080 dicant
2495 4030 2615 4079 mis·
2699 4072 2704 4075 .

438 4106 605 4154 altero
638 4118 704 4153 ex
740 4104 887 4153 colb.
912 4102 1055 4152 libris
1076 4104 1264 4153 desunt
1296 4102 1403 4156 illa.
1420 4102 1485 4151 η’·
1566 4116 1653 4153 sos
1674 4116 1704 4149 a
1727 4102 1982 4153 Marcello
2003 4105 2168 4157 hoste.
2233 4107 2299 4157 Et
2323 4105 2462 4155 forte
2481 4106 2542 4154 ab
2561 4120 2614 4155 ω

436 4181 537 4228 unul
548 4180 613 4229 ed
634 4178 935 4241 Man-ceum,
948 4184 1009 4227 ut
1024 4186 1274 4241 appareat
1287 4176 1354 4227 ab
1368 4177 1490 4239 Epi-
1568 4184 1648 4229 ent
1671 4177 1740 4229 ab
1761 4176 2010 4242 Epicyde.

440 4252 597 4319 cyclo,
616 4252 761 4317 cujus
780 4252 833 4303 iu
856 4252 1093 4316 proximo
1124 4250 1267 4305 facta
1296 4251 1493 4305 mentio
