3159 4934
914 451 919 457 -
1002 367 1504 479 ·1,11³.'xxv11.
1551 431 1713 478 ομ».
1768 415 1877 479 51.
2368 415 2542 482 2385

356 571 833 654 celebrataque
879 591 922 636 a
951 573 1110 637 viris
1136 574 1561 657 foeminisque
1593 579 1716 638 est.
1806 573 2047 637 Omnia
2076 573 2322 656 templa
2342 583 2368 612 ²
2412 595 2536 658 per

354 677 568 736 totum
621 672 910 735 triduum
961 673 1281 755 aequalem
1333 675 1591 738 turbam
1636 673 1960 752 habuere;
2021 693 2175 738 oum
2218 681 2532 738 matronae

353 771 770 854 amplissima
823 779 1009 836 veste
1069 793 1216 837 cum
1273 774 1515 850 liberiS,
1567 773 1837 857 perinde
1889 794 1970 838 ac
2022 776 2077 838 si
2134 775 2531 839 debellatum

347 873 545 948 foret,
575 874 752 936 omni
785 874 1020 938 solutae
1046 881 1249 948 metu,
1289 875 1456 938 Deis
1484 874 1971 939 immortalibus
2002 881 2213 956 grates
2245 881 2531 958 agerent.

350 973 612 1040 Statum
660 994 927 1057 quoqne
965 976 1264 1040 civitatis
1309 996 1392 1040 ea
1435 977 1719 1041 victoria
1758 976 2015 1051 movit,‘=
2064 984 2132 1041 ut
2164 978 2305 1059 jam
2350 976 2529 1053 inde,

347 1075 524 1139 haud
553 1095 749 1140 secus
774 1095 968 1158 quam
1000 1077 1065 1139 in
1091 1097 1280 1158 pace,
1301 1098 1406 1142 res
1429 1079 1597 1140 inter
1624 1095 1697 1140 se
1726 1076 2129 1154 contrahere,
2156 1077 2531 1152 vendendo,

350 1177 661 1253 emendo,
721 1177 1020 1240 mutuum'
1075 1178 1322 1257 dando,
1378 1183 1715 1260 argentum
1775 1176 2098 1240 creditum
2158 1175 2529 1251 solvendo,³

340 1276 687 1363 auderent.
804 1275 882 1340 C.
942 1275 1268 1341 Claudius
1326 1278 1561 1342 consul
1620 1298 1771 1341 cum
1822 1278 1889 1340 in
1950 1283 2173 1342 castra
2221 1277 2530 1355 redisset,

347 1383 560 1459 caput
619 1377 1092 1454 Hasdrubalis,
1145 1378 1324 1461 quod
1385 1385 1720 1444 servatum
1782 1398 1931 1442 cum
1976 1398 2140 1442 cura
2192 1379 2528 1456 attulerat,

347 1479 586 1561 projici
631 1485 778 1542 ante
824 1479 1106 1542 hostium
1155 1479 1505 1555 stationes,
1535 1480 1967 1562 captivosque
2006 1479 2213 1544 Afros
2247 1481 2528 1556 vinctos,

346 1585 423 1642 ut
471 1585 680 1654 erant,
710 1579 995 1656 ostendi,
1028 1578 1194 1643 duos
1234 1581 1438 1645 etiam
1481 1599 1570 1644 ex
1601 1581 1683 1643 iis
1716 1580 1975 1644 solutos
2006 1581 2101 1646 ire
2134 1580 2217 1643 ad
2262 1579 2526 1643 Hanni-

347 1678 596 1756 balem,
626 1686 693 1743 et
736 1698 1151 1761 expromere,
1182 1698 1336 1762 quae
1383 1687 1536 1744 acta
1568 1688 1817 1758 essent,
1838 1681 2065 1763 jussit.
2157 1681 2521 1758 Hannibal,

345 1786 534 1844 tanto
566 1780 764 1844 simul
798 1781 1069 1863 publico
1104 1781 1545 1863 familiarique
1573 1781 1750 1845 ictus
1776 1782 1978 1856 luctu,
2010 1787 2030 1814 ‘
2059 1801 2417 1863 agnoscere
2447 1801 2522 1845 se

344 1884 680 1947 fortunam
724 1880 1193 1963 Carthaginis,’
1217 1884 1415 1946 fertur
1459 1883 1751 1947 dixisse:
1799 1886 2170 1967 castrisque
2199 1885 2353 1948 inde
2387 1906 2526 1950 mo-

343 1984 453 2059 tis,
487 1989 608 2046 ut*
639 1984 860 2064 omnia
887 1983 1162 2061 auxilia,
1187 2002 1340 2065 quae
1373 1983 1619 2049 diffusa
1646 1985 1847 2048 latius
1878 1986 2045 2050 tueri
2070 2006 2199 2050 non
2228 1993 2519 2070 poterat,

341 2084 409 2146 in
455 2092 828 2146 extremum
876 2083 1094 2148 ltaliae
1143 2085 1451 2167 angulum
1484 2087 1783 2150 Bruttios
1812 2087 2244 2162 contraheret,
2273 2094 2343 2151 et
2374 2087 2523 2152 Me·

343 2184 761 2266 tapontinos,
806 2186 1148 2249 civitatem
1191 2188 1593 2264 universam,
1630 2188 1891 2250 excitos
1936 2188 2207 2251 sedibus
2254 2190 2416 2262 suis,
2448 2196 2519 2251 et

273 2309 280 2312 ·
342 2284 758 2348 Lucanorum
824 2287 936 2368 qui
991 2307 1134 2351 suae
1186 2286 1463 2349 ditionis
1511 2297 1720 2364 erant,
1774 2291 1840 2350 in
1902 2288 2227 2352 Bruttium
2287 2307 2515 2370 agrum

342 2385 658 2449 traduxit.

1243 2499 1449 2520 ‘'0006'‘
1455 2500 1508 2520 OC
1514 2501 1536 2518 Ι
1545 2497 1601 2519 00

339 2617 544 2678 optimis
582 2617 707 2666 Mas.
742 2615 1132 2664 desiderantur!
1167 2617 1460 2678 Rimata—2
1496 2617 1632 2665 Olim
1677 2617 1944 2675 legebatur
1980 2633 2010 2664 a
2041 2619 2175 2675 eir-is,
2198 2621 2520 2682 fluminisque,

339 2682 580 2742 omniaque
603 2681 889 2740 κινυρὴ-8
923 2681 1044 2728 Vet.
1077 2680 1165 2729 lib.
1192 2681 1364 2730 Sinon.
1395 2687 1603 2728 mutuum
1626 2683 1777 2728 dando
1797 2689 2060 2741 argentum,
2082 2686 2397 2744 creditumque
2422 2687 2514 2732 sol-

336 2748 513 2794 vendo.-
541 2745 588 2792 in
615 2744 915 2808 quibusdam
939 2744 1065 2792 Mne.
1101 2745 1308 2797 emendo.
1331 2749 1540 2791 mutuum
1555 2746 1724 2798 dando,
1742 2745 2211 2794 desiderantum—4
2238 2749 2254 2774 ‘
2278 2747 2401 2796 Vet.
2426 2749 2516 2796 lib.

339 2823 436 2858 non
460 2809 649 2858 habent
673 2813 728 2856 ut
740 2825 760 2866 ;
793 2816 849 2857 et
873 2821 966 2870 pro
993 2821 1118 2856 voce
1141 2809 1457 2868 contraheret,
1479 2807 1667 2856 habent
1688 2807 1958 2856 contrahit!
1991 2808 2167 2873 Sigon.

1313 2951 1529 3002 NOTAE

338 3049 510 3112 populi
544 3055 636 3098 aut
678 3047 891 3096 militum
931 3046 994 3095 ad
1037 3061 1142 3098 rem
1189 3054 1380 3097 certam
1466 3049 1761 3099 ostenderet
1794 3050 2065 3098 convulsas
2096 3047 2253 3098 fuisse
2288 3051 2511 3099 omnium

338 3131 746 3172 convocatorum.
1463 3121 1735 3172 fortuna-2
1795 3133 1953 3186 atque
1987 3125 2061 3172 ita
2096 3126 2393 3188 plerumque
2428 3139 2509 3173 su-

399 3203 422 3230 ⁶
457 3198 649 3246 Statum
681 3213 858 3260 quoque
881 3198 1166 3262 civitatium
1187 3199 1384 3248 victoria
1463 3199 1618 3248 mitur
1664 3199 1871 3248 verbum
1910 3201 2160 3257 movendi,-
2210 3201 2291 3250 hic
2330 3211 2508 3250 contra

337 3272 501 3334 movit]
533 3275 546 3298 ⁴
565 3273 886 3322 Commotnm
914 3276 1137 3324 ninnium
1160 3282 1347 3323 statum
1371 3273 1386 3296 ’
1462 3275 1675 3324 mutatio
1699 3275 2027 3324 indicatur-*in
2051 3277 2242 3324 melius.

339 3347 466 3395 dixit
499 3347 724 3396 Velleius
760 3347 812 3396 in
849 3349 1030 3398 malam
1067 3357 1288 3414 partem,
1323 3357 1378 3398 ut
