3159 4934
508 349 679 416 1884
1427 367 1495 412 ἰ·.
1545 359 1738 413 mvn

504 512 586 560 1⁴.
626 507 838 557 Romani
876 505 1093 570 impigre
1126 505 1321 556 bellum
1344 513 1608 570 reparant,
1640 513 1698 555 et
1731 505 1810 555 M.
1841 503 2028 556 Junius
2062 504 2202 556 Pera
2241 505 2470 555 dictator
2508 519 2684 556 servos

571 603 771 653 quoque
793 597 847 637 et
868 587 1057 650 capitis
1082 599 1193 635 reos
1228 594 1410 635 armat.
1480 585 1741 635 Hannibal
1766 586 1948 634 iterum
1973 585 2166 634 animos
2202 585 2688 648 Neapolitanorum,

567 668 755 731 partim
778 682 892 730 spe,
918 667 1107 730 partim
1142 674 1303 731 metu,
1325 668 1664 730 nequicquam
1691 673 1878 726 tentat,
1907 673 1963 714 et
2001 667 2051 714 iu
2077 679 2254 728 agrum
2297 667 2550 714 Nolanum
2585 674 2688 712 tra·

569 748 715 796 ducit
734 747 1037 796 exercitum.
1108 747 1259 796 Nolae
1294 747 1441 810 plebs
1472 744 1615 795 favet
1651 745 1860 794 Poenisz
1894 752 1950 793 at
1991 757 2202 794 senatus
2237 745 2563 793 simulatione
2597 759 2686 792 ex·

568 828 727 876 trabit
750 825 1091 875 defectionem
1110 826 1163 874 in
1182 826 1459 874 adventum
1482 823 1684 875 Claudii
1710 825 1946 873 Marcelli
1969 826 2225 889 pretoria,
2250 827 2336 888 qui
2357 825 2538 886 legatis
2554 824 2686 873 clam

566 921 629 956 ac
671 921 891 970 propere
927 907 1095 955 missis
1128 905 1359 956 Casilino
1396 906 1693 954 arcessitur.
1757 909 1838 954 15.
1872 905 2154 968 Hannibal,
2193 905 2328 954 Nola
2362 905 2685 968 Neapolique

564 987 782 1047 omissis,
807 986 941 1049 petit
968 987 1259 1042 Nuceriam,
1277 999 1490 1048 eamque
1514 983 1652 1034 fame
1671 995 1877 1048 captam
1897 985 2080 1049 diripit
2097 994 2152 1034 et
2167 985 2414 1034 incendit.
2460 983 2686 1033 Marcel-

562 1067 643 1115 lus
674 1067 821 1115 Nola!
848 1066 998 1114 timet
1020 1066 1243 1128 plebem,
1266 1074 1321 1116 et
1344 1075 1467 1116 ante
1496 1081 1671 1115 omnes
1701 1068 1753 1116 [a.
1776 1067 2045 1128 Bantium,
2065 1065 2400 1115 fortissimum
2437 1063 2688 1112 nobilissi-

562 1161 807 1210 mumque
829 1147 1074 1210 equitem,
1097 1147 1181 1210 qni
1206 1146 1550 1208 proditionem
1585 1147 1771 1211 patrie
1806 1148 2040 1197 molitur:
2075 1146 2221 1210 hujus
2261 1154 2430 1196 tamen
2465 1145 2686 1192 animum

562 1227 811 1276 comitate
850 1240 911 1275 ac
947 1225 1093 1274 douis
1132 1240 1337 1288 prorsus
1370 1234 1554 1276 mutat.
1624 1231 1704 1276 to.
1744 1229 1931 1277 Nolam
1965 1236 2132 1277 castra
2175 1235 2348 1275 movet
2378 1225 2591 1283 Poenus,
2611 1230 2686 1278 et,

562 1307 719 1370 plebe
758 1306 824 1354 de
856 1307 1059 1370 integro
1094 1306 1157 1377 ad
1198 1304 1539 1357 defectionem
1572 1314 1863 1370 spectante,
1894 1307 2199 1368 Marcellus,
2227 1305 2498 1368 eruptione
2531 1301 2688 1363 faeta,

564 1388 745 1436 hostes
770 1387 931 1436 vincit
951 1384 1221 1450 fugatque.
1291 1391 1368 1436 17.
1406 1387 1668 1436 Hannibal
1693 1387 1920 1437 Acerras
1953 1389 2112 1450 capit,
2143 1397 2198 1436 et
2233 1387 2518 1434 exercitum
2541 1384 2688 1434 ducit

562 1466 867 1526 Casilinum,
886 1465 1026 1529 quod
1048 1466 1113 1514 D.
1132 1466 1443 1516 Pmnesiint
1463 1473 1518 1514 et
1540 1466 1759 1515 totidem
1773 1465 1883 1515 fere
1905 1466 2140 1515 Perusini
2165 1473 2394 1514 tuentur.
2430 1469 2508 1512 18.
2531 1463 2685 1512 Frus-

562 1553 641 1595 tra
660 1545 903 1609 oppidum
929 1560 1125 1594 summa
1150 1545 1201 1594 vi
1216 1559 1515 1608 oppugnare
1532 1552 1705 1608 parat,
1725 1555 1780 1594 et
1803 1545 1936 1607 ipse,
1953 1545 2156 1593 modico
2178 1545 2229 1592 in
2248 1545 2429 1592 castris
2447 1543 2688 1606 pra-‚sidio

562 1626 772 1688 relicto,
792 1627 843 1673 in
866 1625 1093 1688 hyberna
1117 1627 1348 1688 Capuam
1372 1626 1642 1675 conceditt
1677 1625 1766 1674 ubi
1785 1625 2138 1688 voluptatibus
2159 1624 2444 1673 immodicis
2465 1637 2686 1686 corpora

560 1705 819 1768 animique
848 1705 1107 1753 exercitus
1138 1705 1251 1767 ejus
1286 1712 1616 1753 enervantur.
1685 1708 1764 1754 19.
1799 1704 2018 1753 Obsidio
2049 1713 2220 1754 tamen
2250 1705 2550 1753 continuata
2585 1701 2687 1752 Ca·

558 1785 762 1834 ailinum
784 1783 997 1834 adducit
1019 1782 1083 1831 ad
1108 1783 1341 1833 ultimum
1376 1783 1586 1846 inopia,
1607 1797 1722 1846 quae
1755 1797 1786 1832 a
1826 1782 2068 1832 Romanis
2094 1783 2303 1846 quidem
2325 1783 2581 1844 paululum
2617 1782 2687 1829 le·

564 1872 734 1926 vatur,
771 1863 919 1912 doliis
948 1863 1195 1912 frumenti
1218 1863 1385 1926 plenis
1414 1863 1732 1926 nucibusque
1756 1863 2014 1911 Vulturno
2038 1865 2174 1912 amni
2203 1862 2266 1909 ad
2297 1861 2474 1910 urbem
2497 1861 2687 1923 missis,

560 1944 653 1993 aed
679 1943 889 1992 tandem
925 1943 1163 1992 obsessos
1203 1942 1269 1991 ad
1308 1957 1421 1991 eam
1450 1942 1682 1990 hostibus
1712 1941 2016 1992 tradendam
2053 1941 2336 2004 compellit,
2373 1946 2529 2004 pacta
2563 1948 2686 1990 ante

560 2023 879 2072 redemtione
905 2022 1183 2071 liberorum
1208 2023 1457 2083 capitum.
1521 2025 1606 2071 21).
1641 2021 1836 2070 Eodem
1877 2029 2110 2084 tempore
2133 2020 2379 2083 Petelini,
2400 2020 2486 2083 qui
2510 2020 2598 2068 uui
2619 2034 2686 2068 ex

558 2103 783 2152 Bruttiis
817 2110 1111 2152 manserant
1135 2103 1189 2151 in
1220 2102 1449 2152 amicitia
1477 2103 1726 2164 Romana,
1761 2116 1794 2150 a
1823 2100 2345 2163 Carthaginiensibus
2362 2100 2686 2163 Bruttiisque

560 2183 753 2232 ceteris
792 2190 1179 2243 oppugnantur,
1210 2188 1283 2242 et,
1316 2181 1502 2242 legatis
1536 2181 1736 2228 frustra
1766 2179 1978 2227 Romam
1996 2180 2060 2227 ad
2086 2179 2383 2241 presidium
2407 2179 2686 2242 petendum

560 2262 750 2325 missis,
772 2261 867 2309 soli
886 2259 1167 2308 fortissime
1190 2259 1459 2308 resistunt.

494 2345 576 2391 21.
614 2341 677 2390 In
702 2339 881 2390 Sicilia
902 2339 1241 2401 Sardiniaque
1262 2338 1325 2388 Τ.
1350 2337 1608 2388 Otacilius
1629 2345 1683 2387 et
1719 2337 1782 2387 Α.
1805 2337 2072 2388 Cornelius
2106 2337 2380 2391 Mammula
2401 2345 2688 2401 propreto-

561 2435 647 2470 res
668 2421 734 2470 ab
759 2418 989 2470 Hierone
1012 2426 1067 2466 et
1082 2417 1236 2466 sociis
1262 2417 1560 2467 civitatibus
1578 2417 1906 2480 adjuvantur.
1974 2418 2147 2466 Roma·
2161 2425 2408 2466 creantur
2430 2418 2686 2466 triumviri

558 2499 817 2559 mensarii,
838 2501 893 2547 et
918 2507 1026 2546 tres
1050 2495 1340 2560 pontifices.
1404 2501 1487 2546 22.
1524 2496 1729 2546 Ibidem
1763 2497 2082 2547 deliberatur
2104 2496 2172 2546 de
2195 2496 2459 2558 explendo
2479 2505 2687 2560 senatu,

560 2580 774 2645 ejusque
798 2577 1009 2641 legendi
1034 2591 1192 2626 cansa
1220 2577 1295 2625 M.
1330 2577 1521 2626 Fabius
1550 2578 1720 2626 Buteo
1755 2591 1821 2626 ex
1861 2577 2000 2626 SCto
2033 2577 2260 2626 dictator
2301 2579 2415 2626 sine
2437 2578 2687 2641 magistro

560 2660 791 2724 equitum
811 2659 862 2706 in
885 2669 979 2705 sex
994 2669 1197 2706 menses
1213 2656 1424 2706 dicitur.
1490 2659 1573 2705 2⁸.
1608 2655 1662 2705 Is
1684 2669 1936 2705 cmxxvii.
1956 2671 2071 2705 cum
2094 2656 2293 2719 ingenti
2313 2659 2687 2721 approbatione

556 2739 819 2788 hominnm
842 2739 895 2787 iu
919 2737 1111 2787 Patres
1133 2737 1280 2800 legit,
1300 2744 1357 2786 et
1378 2737 1645 2800 extemplo
1666 2750 1724 2784 se
1749 2736 1955 2785 abdicat
1977 2737 2302 2798 magistratu.
2367 2741 2450 2785 24.
2483 2738 2560 2786 Μ.
2589 2735 2688 2788 Ju-

555 2820 672 2869 nius
698 2820 841 2870 Pera
862 2818 1111 2880 dictator,
1132 2816 1351 2865 Romam
1390 2817 1608 2877 accitus,
1643 2815 1852 2864 comitia
1878 2815 2057 2877 edicit,
2079 2815 2261 2880 quibus
2297 2815 2358 2866 1..
2392 2817 2690 2867 Postumius

558 2909 647 2947 nt.
680 2897 865 2947 absens
889 2905 945 2944 et
972 2895 1059 2944 Ti.
1092 2895 1423 2957 Sempronius
1448 2893 1736 2950 Gracchus,
1774 2894 2024 2956 magister
2043 2895 2276 2960 equitum
2309 2903 2366 2946 et
2400 2897 2566 2946 aedilis
2599 2912 2684 2947 cu·

556 2976 705 3038 tulis,
725 2976 962 3026 eonsules
984 2980 1245 3023 creantur.
1310 2973 1414 3024 Sed
1440 2988 1556 3022 mox
1580 2973 1849 3022 nuntiatur
1881 2973 2058 3046 clades
2093 2975 2349 3026 Postumii
2371 2983 2524 3040 atque
2541 2992 2689 3027 exer—

556 3056 688 3105 citus
710 3056 841 3120 ejus,
864 3055 917 3103 in
960 3054 1145 3103 Litana
1167 3053 1313 3117 sylva
1334 3069 1365 3102 a
1402 3053 1570 3104 Gallis
1595 3054 1902 3104 deletorum.
1967 3059 2048 3104 25.
2071 3057 2292 3105 Senatus
2314 3057 2575 3120 negotium
2598 3057 2691 3108 dat

557 3134 818 3195 edilibus,
843 3143 898 3182 ut
934 3132 1070 3183 Urbi
1102 3133 1366 3183 moestitiae
1401 3133 1627 3198 publica
1651 3134 1879 3198 speeiem
1903 3133 2040 3184 demi
2055 3135 2300 3199 jubeant,
2331 3146 2405 3196 et,
2428 3137 2602 3186 Gallia
2625 3151 2690 3187 eo

556 3229 693 3264 anno
716 3214 925 3278 omissa,
958 3213 1024 3262 de
1065 3213 1217 3262 hoste
1254 3214 1441 3278 Poeno,
1480 3215 1892 3278 legionibusque,
1930 3229 2024 3278 per
2055 3231 2182 3280 quas
2221 3217 2272 3265 id
2299 3217 2486 3266 bellum
2511 3218 2693 3282 οἰκεο-

557 3295 795 3352 rendum,
811 3293 1086 3344 consultat.
1122 3283 1139 3294 ⁹
1154 3293 1424 3358 Reliquias
1446 3296 1710 3345 exercitus
1733 3295 2022 3346 Cannensis
2039 3297 2239 3346 traduci
2261 3297 2310 3346 in
2331 3297 2560 3347 Siciliam
2577 3298 2690 3361 pla*

554 3383 661 3428 cet.
685 3376 805 3425 iude
830 3389 953 3424 vero
977 3373 1104 3422 duas
1127 3375 1282 3423 acciri
1309 3375 1558 3436 legiones,
1580 3383 1636 3424 et
1659 3371 1876 3424 totidem
1903 3376 2122 3426 urbanas
2145 3377 2419 3427 conscribi.

492 3458 577 3504 26.
610 3454 675 3503 In
698 3454 952 3517 Hispania
972 3455 1263 3519 Scipiones,
1285 3455 1473 3504 Gnaeus
1496 3462 1656 3516 terra,
1677 3455 1892 3505 Publius
1911 3456 2058 3519 mari,
2076 3470 2324 3520 prospere
2337 3472 2446 3506 rem
2462 3465 2652 3519 gerunt
2674 3472 2689 3506 t
2769 3463 2776 3471 '

564 3541 618 3583 et
640 3533 897 3597 Carpesii,
922 3535 989 3582 ab
1014 3534 1343 3584 Hasdrubale
1368 3532 1618 3592 infestati,
1641 3537 1772 3585 duce
1795 3535 1971 3586 Galba
1984 3537 2155 3585 bostes
2171 3537 2394 3585 animose
2413 3535 2690 3597 repellunt.

558 3619 642 3664 27.
678 3613 937 3663 Universa
958 3613 1164 3678 quidem
1188 3615 1301 3664 baec
1322 3629 1449 3676 gens
1472 3617 1525 3664 iu
1548 3615 1868 3665 deditionem
1894 3617 2071 3677 venit3
2107 3617 2196 3665 sed
2235 3616 2450 3666 subinde
2473 3615 2538 3664 ab
2561 3615 2684 3665 Car-

563 3693 773 3756 tbagine
798 3689 1034 3754 affertur,
1074 3699 1130 3741 ut
1159 3691 1463 3743 Hasdrubal
1482 3693 1535 3742 in
1570 3694 1777 3744 Italiam
1808 3695 2092 3745 exercitum
2115 3696 2305 3746 ducat:
2337 3711 2455 3759 qum
2479 3696 2690 3758 vulgata

562 3787 643 3821 res
668 3786 762 3835 per
786 3771 1091 3834 Hispaniam
1112 3773 1335 3821 omnium
1352 3771 1515 3822 ferme
1533 3771 1731 3822 animos
1750 3772 1815 3822 ad
1833 3775 2093 3824 Romanos
2107 3776 2312 3825 avertit.
2349 3779 2430 3824 28.
2459 3773 2687 3826 Himilco

562 3851 875 3914 Carthagine
913 3863 1028 3899 cum
1064 3851 1301 3900 exercitu
1326 3852 1472 3914 justo
1503 3863 1762 3916 auctaque
1789 3855 1956 3903 classe
1991 3854 2055 3903 ad
2095 3854 2336 3903 tuendam
2379 3847 2686 3917 Hispaniam

560 3932 807 3993 mittitur,
849 3941 904 3979 et
942 3929 1257 3987 Hasdrubal,
1298 3933 1530 3994 pecuniis
1565 3933 1752 3996 raptim
1793 3935 2006 3997 exactis,
2047 3934 2112 3984 ad
2157 3933 2362 3984 Iberum
2399 3935 2694 3986 descendit.

560 4011 832 4074 Scipiones
853 4009 901 4058 ei
917 4011 1116 4073 junctis
1137 4011 1302 4075 copiis
1335 4010 1541 4062 obviam
1566 4021 1713 4070 eunt,
1743 4026 1799 4064 et
1837 4029 1958 4064 mox
1982 4013 2163 4064 eodem
2199 4014 2283 4063 die
2308 4014 2447 4065 velut
2469 4029 2534 4062 ex
2552 4029 2690 4064 com-

564 4093 731 4154 posito
751 4090 1007 4153 utrimque
1028 4090 1229 4153 signum
1252 4104 1439 4156 pugna
1460 4093 1786 4158 proponitur.
1851 4097 1936 4144 29.
1969 4093 2200 4144 Vincunt
2221 4093 2459 4158 Romani,
2475 4104 2530 4144 et
2555 4091 2690 4145 Has·

560 4170 745 4224 drubal
766 4183 882 4220 cum
905 4170 1086 4234 paucis
1106 4167 1309 4234 effugit.
