3159 4934
1149 400 1296 449 me.
1342 398 1535 449 xxv.
1578 400 1742 450 cu».
1787 384 1898 451 38.
2449 387 2620 453 2151

432 544 582 611 haec
606 549 703 611 tot
730 548 870 609 tam
897 544 1379 629 necopinata,¹⁹
1408 545 1626 629 primo
1657 547 1950 612 omnium
1979 544 2219 611 incerti
2249 552 2626 631 stupentes-

435 668 567 731 que
594 646 880 711 referunt
908 647 1186 730 pedem3
1230 648 1413 723 dein,
1444 648 1670 713 valida
1697 648 2134 731 impressione
2181 649 2382 732 pulsi,
2439 656 2627 733 terga

434 753 716 812 vertunt.
804 746 897 811 Et
924 752 1039 812 aut
1066 746 1455 828 fugientium
1485 748 1708 813 credes
1738 748 1926 813 foeda
1961 748 2222 828 fuisset,
2277 756 2396 815 aut
2421 756 2628 817 teme·

432 848 649 913 rarius
668 855 725 885 ²0
779 849 1337 932 periculosusque
1384 848 1802 933 sequentinm
1844 850 2160 933 impetus,
2210 852 2280 915 ni
2323 850 2626 917 Marcius

374 1019 383 1027 ,
434 968 716 1034 propere
747 951 1047 1033 receptui
1084 950 1381 1015 dedisset
1424 950 1715 1032 signnm,
1759 950 2228 1036 obsistensque
2273 950 2362 1016 ad
2410 954 2627 1036 prima

436 1053 649 1136 signa,
681 1052 1019 1137 quosdam
1071 1057 1140 1116 et
1180 1053 1331 1135 ipse
1375 1051 1690 1129 retinens,
1739 1052 2144 1117 concitatam
2185 1052 2626 1136 repressisset

434 1154 667 1217 aciem.
757 1153 927 1218 Inde
954 1154 1027 1217 in
1072 1159 1291 1217 castra
1334 1152 1573 1219 avidos
1601 1154 1823 1221 adhuc
1854 1153 2206 1237 caedisque
2249 1160 2320 1219 et
2355 1156 2626 1238 saugui-

432 1256 535 1319 nis
577 1254 867 1319 reduxit.
954 1252 1567 1337 Carthaginienses,
1617 1255 1879 1338 trepide
1931 1254 2150 1337 primo
2195 1255 2286 1321 ab
2329 1256 2624 1322 hostiurn

436 1356 617 1421 vallo
644 1356 805 1435 acti,
833 1360 1197 1441 postquam
1242 1358 1569 1423 neminem
1609 1358 1872 1440 insequi
1901 1355 2229 1434 viderunt,
2257 1363 2434 1423 metu
2469 1360 2624 1421 sub-

434 1458 685 1523 stitisse
716 1460 860 1536 ruti,
882 1458 1275 1525 contemtim
1305 1478 1531 1523 rursus
1562 1465 1634 1524 et
1663 1458 1906 1523 sedato
1927 1458 2138 1541 gradu
2167 1460 2234 1523 in
2263 1466 2484 1524 castra
2505 1462 2625 1523 ab·

436 1568 617 1625 eunt.
708 1559 846 1624 Par
874 1560 1274 1643 negligentia
1294 1560 1368 1623 in
1395 1560 1637 1625 castris
1681 1558 2148 1624 custodiendis
2178 1559 2324 1624 suit.
2417 1559 2623 1637 Nam,

433 1664 563 1727 etsi
596 1664 1011 1746 propinquus
1040 1662 1261 1727 hostis
1292 1666 1453 1740 erat,
1479 1668 1704 1725 tamen
1743 1659 2060 1744 reliquias
2089 1680 2240 1725 enm
2270 1680 2422 1725 esse
2454 1661 2624 1725 duo-

434 1784 577 1828 rum
609 1764 1019 1829 exercituum
1051 1770 1205 1828 ante
1236 1782 1501 1847 pancos
1544 1760 1698 1827 dies
1747 1762 2116 1827 deletorum
2165 1764 2624 1827 succurrebat!

440 1863 550 1929 Ob
578 1864 705 1929 hoc
736 1883 890 1929 cum
920 1866 1152 1929 omnia
1180 1864 1491 1946 neglecta
1520 1863 1707 1947 apud
1723 1863 1952 1929 hostes
1975 1871 2227 1940 essent,
2255 1863 2627 1945 exploratis

434 1966 542 2040 iis,
574 1964 875 2029 Marcius
900 1964 988 2029 ad
1018 1966 1405 2045 consilinm,
1433 1962 1654 2049 prima
1675 1965 1908 2048 specie
1937 1964 2358 2028 temerarium
2383 1966 2622 2047 magiS,

436 2084 637 2149 quam
678 2065 925 2138 audax,
958 2068 1249 2131 animum
1294 2066 1567 2150 adjecit,
1597 2072 1674 2130 ut
1701 2064 1872 2130 ultro
1903 2071 2127 2129 castra
2161 2066 2453 2129 hostium
2505 2085 2626 2149 op·

384 2247 395 2259 ,
434 2172 797 2251 pugnaret:
846 2164 1123 2229 facilius
1146 2174 1167 2204 ¹
1214 2184 1369 2231 esse
1400 2173 1612 2243 ratus,
1643 2167 1842 2230 unius
1888 2164 2345 2229 Hasdrubalis
2372 2184 2626 2247 expug-

435 2268 579 2332 nari
609 2274 850 2344 castra,
882 2282 1107 2350 quam,
1152 2266 1214 2331 si
1242 2287 1318 2331 se
1346 2286 1573 2332 rursus
1605 2274 1738 2331 tres
1762 2267 2106 2331 exercitus
2133 2284 2214 2329 ac
2243 2270 2378 2331 tres
2417 2266 2624 2331 duces

429 2368 845 2452 junxissent,
874 2386 1000 2432 sua
1030 2366 1338 2433 defendi:
1400 2369 1598 2433 simul
1627 2372 1763 2441 aut,
1793 2368 1854 2431 si
1885 2368 2330 2432 successisset
2357 2370 2623 2451 coeptis,

436 2478 855 2555 recepturum
875 2474 901 2505 2
945 2488 1017 2533 se
1064 2470 1347 2535 afflictas
1388 2489 1538 2549 res3
1597 2477 1736 2547 aut,
1783 2470 1842 2533 si
1883 2468 2118 2552 pulsus
2159 2474 2362 2547 esset,
2409 2477 2622 2535 tamen

434 2571 611 2637 ultro
640 2570 992 2635 inserendo
1024 2590 1234 2648 arma,
1264 2575 1676 2637 contemtum
1701 2570 1807 2635 sui
1840 2569 2235 2635 demturum.

516 2670 627 2739 38.
678 2670 787 2737 Ne
808 2678 1031 2737 tamen
1061 2674 1283 2737 subita
1314 2692 1419 2737 res
1459 2678 1525 2736 et
1550 2679 1914 2736 nocturnus
1935 2676 2140 2735 terror
2164 2676 2186 2717 ³
2235 2672 2438 2735 etiam
2485 2692 2623 2736 non

432 2794 581 2841 suae
608 2774 891 2838 sortunae
920 2772 1277 2837 consilium
1310 2774 1771 2855 perturbaret,⁴²
1797 2769 2239 2853 alloquendos
2271 2771 2623 2835 adhortan-

434 2876 694 2959 dosque
724 2873 849 2937 sibi
878 2873 1129 2937 milites
1174 2879 1381 2950 ratus,
1413 2874 1738 2936 concione
1767 2869 2096 2935 advocata
2125 2870 2226 2934 ita
2267 2870 2623 2937 disseruit:

434 2982 459 3013 ‘
486 2976 617 3042 Vel
648 2992 794 3037 mea
820 2992 977 3056 erga
1016 2974 1451 3057 imperatores
1498 2978 1766 3037 nostros
1795 2972 1994 3037 vivos
2030 2979 2461 3055 mortuosque
2483 2972 2625 3055 pie-

438 3086 571 3157 tas,
616 3076 723 3143 vel
766 3094 1063 3159 praesens
1103 3076 1390 3141 omnium
1432 3081 1749 3153 nostrum,
1797 3074 2068 3153 milites,
2114 3074 2376 3139 fortuna
2423 3072 2624 3138 fidem

500 3270 522 3295 ⁰
558 3260 728 3313 Animo
742 3263 1034 3325 occurrebat,
1053 3258 1271 3311 veniebat
1292 3255 1345 3304 in
1370 3256 1592 3303 mentem.

1345 3426 1587 3449 Oomm
1591 3426 1710 3447 0000

439 3538 770 3599 Rujum—19
804 3532 885 3582 ΑΙ.
902 3532 1009 3593 ,θαι
1039 3528 1462 3591 amputata—20
1493 3526 1618 3575 Pur.
1651 3521 1943 3584 Petaviani,
1977 3520 2124 3571 Men.
2159 3517 2260 3569 duo
2299 3518 2434 3567 Pan.
2467 3516 2623 3566 Voss.

434 3606 523 3651 cut
542 3596 936 3650 imma—l
972 3593 1129 3644 Sinna
1152 3591 1355 3653 facilius
1390 3589 1525 3640 de.
1558 3589 1624 3639 ab
1657 3588 1874 3639 Ascens-
1907 3585 1972 3635 ad
2005 3584 2271 3634 Dum—2
2305 3590 2318 3612 ⁸
2343 3584 2502 3631 Forte
2521 3582 2625 3641 leg.

434 3670 699 3715 metum
730 3676 845 3713 cum
881 3659 1054 3710 Perit.
1092 3664 1185 3707 ant
1226 3657 1397 3721 potins
1446 3653 1734 3715 retectus-um
1763 3666 1880 3702 enm
1913 3648 2060 3700 Duk.
2096 3656 2153 3699 et
2190 3645 2372 3697 Drak.'
2420 3646 2624 3709 Rupert-

444 3730 745 3790 Reseetmm
766 3725 955 3792 probat
976 3723 1131 3773 etiam
1156 3720 1357 3771 Stroth.

1416 3844 1642 3898 NOTAE

506 3960 530 3986 ⁶
566 3952 630 4000 Et
650 3957 901 4001 noctur-mu
918 3954 1075 4000 terror
1103 3947 1248 3997 etum
1280 3959 1370 3994 non
1392 3958 1491 3993 rua
1570 3940 1708 3991 senti
1729 3937 1952 3989 fortunas
1969 3950 2148 4002 parum
2179 3936 2517 3997 couveniens;
2547 3938 2624 3984 vel

427 4029 643 4090 fortuna
662 4027 905 4076 emiliam
934 4020 1260 4090 perturbaret]
1292 4021 1382 4070 Ita
1404 4033 1490 4068 ve·
1574 4017 1809 4068 turbaret
1831 4014 2120 4073 eonsilium,
2139 4012 2273 4077 quod
2287 4012 2441 4061 etiam
2460 4010 2628 4073 ipsum

446 4110 604 4165 teres,
633 4102 761 4151 etin
795 4102 873 4150 his
910 4100 1040 4164 Reg.
1066 4107 1123 4150 et
1158 4097 1307 4148 colb.
1330 4103 1387 4144 nt
1406 4094 1493 4159 sit,
1573 4106 1670 4157 per
1704 4104 1762 4141 se
1802 4103 1902 4140 non
1935 4095 2048 4139 erat
2075 4085 2300 4137 fortune
2335 4084 2628 4148 presentis.

447 4192 511 4228 ne
534 4186 589 4227 et
611 4176 782 4227 subita
804 4190 903 4237 rer,
924 4181 981 4225 et
996 4184 1163 4226 terror
1195 4172 1353 4224 etiam
1376 4184 1495 4220 noc·
1575 4167 1696 4220 vul.
1718 4170 1765 4219 et
1785 4170 1959 4228 terror,
1979 4162 2231 4215 affluam
2251 4158 2590 4218 masor-tam.

446 4262 647 4317 turnus,
682 4248 1015 4316 perturbaret
1050 4248 1317 4301 consilium
1364 4258 1497 4310 pra-
